Item,Type,Date,Document Number,Description,Qty. Sold,Sales Price,Revenue,Address: Billing Address State,Customer/Project: Company Name
,Invoice,7/7/2020,INV19283,Safari Montage - K-12 Super Core Content Package (Renewal)  Renewal Period: 8/30/2020 - 8/29/2021,1,"$2,750.00","$2,750.00",AK,Nome Public Schools
,Invoice,7/7/2020,INV19283,Safari Montage Additional Schlessinger Media K-8 Content Package   Renewal Period: 8/30/2020 - 8/29/2021,1,$495.00,$495.00,AK,Nome Public Schools
,Invoice,7/7/2020,INV19283,Safari Montage Algebra's Cool - Content Package (Renewal)  Renewal Period: 8/30/2020 - 8/29/2021,1,$500.00,$500.00,AK,Nome Public Schools
,Invoice,7/7/2020,INV19283,"SAFARI Montage Learning Object Repository Annual School License Renewal - Interoperability Support Service - SAFARI Montage LOR Exchange Proxy Server Software - Annual software upgrades and tech support for CreationStation, Managed Home Access, Multi-Format Auto-Converter - Excludes hardware  Renewal Period: 8/30/2020 - 8/29/2021",1,"$1,500.00","$1,500.00",AK,Nome Public Schools
,Invoice,7/7/2020,INV19283,Safari Montage Math's Cool - Content Package (Renewal)  Renewal Period: 8/30/2020 - 8/29/2021,1,$500.00,$500.00,AK,Nome Public Schools
,Invoice,7/7/2020,INV19283,Safari Montage Video Ency 20th Century Content Package  Renewal Period: 8/30/2020 - 8/29/2021,1,$295.00,$295.00,AK,Nome Public Schools
,Invoice,7/7/2020,INV19283,Safari Montage Visual Dictionary Interactive Image Content Package (Renewal)  Renewal Period: 8/30/2020 - 8/29/2021,1,$295.00,$295.00,AK,Nome Public Schools
,,,,,,,,,
,,,,,,,,,
,Invoice,7/7/2020,INV19281,Certified ACT Installation of NewLine Mobile Cart and Newline Interactive Flat Panel.,1,$475.00,$475.00,CA,AGC Apprenticeship & Training
,Invoice,7/7/2020,INV19281,TRUTOUCH 750RS Ultra-HD LED Multi-touch Display,1,"$2,799.00","$2,799.00",CA,AGC Apprenticeship & Training
,Invoice,7/7/2020,INV19281,TRUTOUCH Mobile Stand,1,$424.00,$424.00,CA,AGC Apprenticeship & Training
,Invoice,7/7/2020,INV19281,TRUTOUCH On-Board Computer i7 8G PC Module,1,"$1,049.00","$1,049.00",CA,AGC Apprenticeship & Training
,Invoice,9/15/2020,INV19416,iRover²™ for Interactive Flat Panels 500,7,"$1,430.00","$10,010.00",CA,AMS.Net
,Invoice,5/15/2020,INV19200,SMART Learning Suite Extended Software Maintenance for 37 months,200,$125.20,"$25,040.00",CA,Anacortes School District 103
,Invoice,2/5/2020,INV19031,"1300-1215 Cable, 7', Cat6, Plenum Rated  3000-0473 Amp, CA-60  3000-0600 Sensor, XD Receiver, SRC14  3010-0103 Power Supply, Wall Mount 24VDC 2A  3100-0601 Mic, AE, XD Teardrop, STD14  3100-0650 Mic, XD Handheld, SHH14,  3110-0012 Charger, Dual USB Wall Mount Charger Block, for XD Mics  3120-0006 Battery Li-iON Battery Pack, 3.7V 700 mAh 2.6 Wh for XD Mics  3200-0002 Cable, 75', Speaker Wire, Plenum Rated  3200-0003 Cable, 50', Speaker Wire, Plenum Rated  3210-0104 Cable, 15',Plenum Power cable w/2 Spade Lugs to bare wires- use w/3010-0103- for CA-60  3210-0206 Cable, 6', USB 2.0 A Male to Micro-USB B Male, for XD Mics  3300-0003 Speaker, Wall, WS-09",1,"$1,450.00","$1,450.00",CA,Antelope Valley High School District
,Invoice,2/6/2020,INV19040,"1300-2103 Cable, 3', Cat6, w/Molded Boot, Non-Plenum, Black 1  3000-0473 Amp, CA-60 1  3000-0600 Sensor, AE Logo, XD Receiver, SRC14 1  3010-0103 Power Supply, Wall Mount 24VDC 2A 1  3100-0601 Mic, AE, XD Teardrop, STD14 1 3100-0650 Mic, XD Handheld, SHH14, 1  3110-0012 Charger, Dual USB Wall Mount Charger Block, for XD Mics 1  3120-0006 Battery Li-iON Battery Pack, 3.7V 700 mAh 2.6 Wh for XD Mics 2  3200-0002 Cable, 75', Speaker Wire, Plenum Rated 1  3200-0003 Cable, 50', Speaker Wire, Plenum Rated 1  3210-0075 Cable, 35', 3.5 to 3.5 M/M Low Profile, 40517, Plenum Rated, Shielded 1  3210-0104 Cable, 15',Plenum Power cable w/2 Spade Lugs to bare wires- use w/3010-0103- for CA-60 1  3210-0206 Cable, 6', USB 2.0 A Male to Micro-USB B Male, for XD Mics 2  3300-0043 Tile Bridge, CS-12 4  3300-0044 Speaker, CS-12, Ceiling Speaker, Plenum Rated Back Can 4",3,"$1,450.00","$4,350.00",CA,Antelope Valley High School District
,Invoice,7/7/2020,INV19286,"1300-2103 Cable, 3', Cat6, w/Molded Boot, Non-Plenum, Black 1  3000-0473 Amp, CA-60 1  3000-0600 Sensor, AE Logo, XD Receiver, SRC14 1  3010-0103 Power Supply, Wall Mount 24VDC 2A 1  3100-0601 Mic, AE, XD Teardrop, STD14 1 3100-0650 Mic, XD Handheld, SHH14, 1  3110-0012 Charger, Dual USB Wall Mount Charger Block, for XD Mics 1  3120-0006 Battery Li-iON Battery Pack, 3.7V 700 mAh 2.6 Wh for XD Mics 2  3200-0002 Cable, 75', Speaker Wire, Plenum Rated 1  3200-0003 Cable, 50', Speaker Wire, Plenum Rated 1  3210-0075 Cable, 35', 3.5 to 3.5 M/M Low Profile, 40517, Plenum Rated, Shielded 1  3210-0104 Cable, 15',Plenum Power cable w/2 Spade Lugs to bare wires- use w/3010-0103- for CA-60 1  3210-0206 Cable, 6', USB 2.0 A Male to Micro-USB B Male, for XD Mics 2  3300-0043 Tile Bridge, CS-12 4  3300-0044 Speaker, CS-12, Ceiling Speaker, Plenum Rated Back Can 4",4,"$1,450.00","$5,800.00",CA,Antelope Valley High School District
,Invoice,3/31/2020,INV19145,ActivConnect OPS - AP PC for Android.,5,$0.00,$0.00,CA,Antelope Valley High School District
,Invoice,3/31/2020,INV19146,ActivConnect OPS - AP PC for Android.,3,$0.00,$0.00,CA,Antelope Valley High School District
,Invoice,4/13/2020,INV19159,ActivConnect OPS - AP PC for Android.,1,$0.00,$0.00,CA,Antelope Valley High School District
,Invoice,7/7/2020,INV19286,ActivConnect OPS - AP PC for Android.,4,$0.00,$0.00,CA,Antelope Valley High School District
,Invoice,9/8/2020,INV19396,ActivConnect OPS - AP PC for Android.,4,$0.00,$0.00,CA,Antelope Valley High School District
,Invoice,6/11/2020,INV19240,"ActivPanel Mobile Stand - For use with current & previous versions of ActivPanel *   *only stand compatible with 65"" panel.",5,$549.00,"$2,745.00",CA,Antelope Valley High School District
,Invoice,6/11/2020,INV19241,"ActivPanel Mobile Stand - For use with current & previous versions of ActivPanel *   *only stand compatible with 65"" panel.",1,$549.00,$549.00,CA,Antelope Valley High School District
,Invoice,6/11/2020,INV19239,"ActivPanel Mobile Stand - For use with current & previous versions of ActivPanel *   *only stand compatible with 65"" panel.",3,$549.00,"$1,647.00",CA,Antelope Valley High School District
,Invoice,4/13/2020,INV19159,"ActivPanel Titanium 75"" - 4 x Pen, Vesa Mount, WIFI Module & cable pack included. ActivInspire Professional Edition available FOC",1,"$4,399.00","$4,399.00",CA,Antelope Valley High School District
,Invoice,4/13/2020,INV19161,"ActivPanel Titanium 75"" - 4 x Pen, Vesa Mount, WIFI Module & cable pack included. ActivInspire Professional Edition available FOC",5,"$4,399.00","$21,995.00",CA,Antelope Valley High School District
,Invoice,4/13/2020,INV19160,"ActivPanel Titanium 75"" - 4 x Pen, Vesa Mount, WIFI Module & cable pack included. ActivInspire Professional Edition available FOC",3,"$4,399.00","$13,197.00",CA,Antelope Valley High School District
,Invoice,7/7/2020,INV19286,"ActivPanel Titanium 75"" - 4 x Pen, Vesa Mount, WIFI Module & cable pack included. ActivInspire Professional Edition available FOC",4,"$4,399.00","$17,596.00",CA,Antelope Valley High School District
,Invoice,9/8/2020,INV19396,"ActivPanel Titanium 75"" - 4 x Pen, Vesa Mount, WIFI Module & cable pack included. ActivInspire Professional Edition available FOC",4,"$4,399.00","$17,596.00",CA,Antelope Valley High School District
,Invoice,9/22/2020,INV19430,"ActivPanel Titanium 75"" - 4 x Pen, Vesa Mount, WIFI Module & cable pack included. ActivInspire Professional Edition available FOC",4,"$3,999.00","$15,996.00",CA,Antelope Valley High School District
,Invoice,11/17/2020,INV19569,"ActivPanel Titanium 75"" - 4 x Pen, Vesa Mount, WIFI Module & cable pack included. ActivInspire Professional Edition available FOC    **PEPPM Contract 528899-123 Promethean**",68,"$3,999.00","$271,932.00",CA,Antelope Valley High School District
,Invoice,9/22/2020,INV19430,"AE Sentinel Classroom System SP-9104: CS-12 (4) Ceiling Speaker Kit (1 each)  XD-9001: XD Receiver with 3' Cat6 Kit (1 each)  XD-9025: Microphone XD Teardrop Mic Kit (1 each)  AM-9001: CA-60A Amplifier, Power Supply and Power Cable with Spade Lugs Only (1 each)  XD-9050: Microphone XD Handheld Mic Kit (1 each)",4,"$1,450.00","$5,800.00",CA,Antelope Valley High School District
,Invoice,10/21/2020,INV19526,"AE Sentinel Classroom System SP-9104: CS-12 (4) Ceiling Speaker Kit (1 each)  XD-9001: XD Receiver with 3' Cat6 Kit (1 each)  XD-9025: Microphone XD Teardrop Mic Kit (1 each)  AM-9001: CA-60A Amplifier, Power Supply and Power Cable with Spade Lugs Only (1 each)  XD-9050: Microphone XD Handheld Mic Kit (1 each)   **PEPPM Contract 529461-006 Audio Enhancement**",100,"$1,450.00","$145,000.00",CA,Antelope Valley High School District
,Invoice,10/21/2020,INV19525,"AE Sentinel Classroom System SP-9104: CS-12 (4) Ceiling Speaker Kit (1 each)  XD-9001: XD Receiver with 3' Cat6 Kit (1 each)  XD-9025: Microphone XD Teardrop Mic Kit (1 each)  AM-9001: CA-60A Amplifier, Power Supply and Power Cable with Spade Lugs Only (1 each)  XD-9050: Microphone XD Handheld Mic Kit (1 each)   **PEPPM Contract 529461-006 Audio Enhancement**",94,"$1,450.00","$136,300.00",CA,Antelope Valley High School District
,Invoice,12/31/2020,INV19627,"AE Sentinel Classroom System SP-9104: CS-12 (4) Ceiling Speaker Kit (1 each)  XD-9001: XD Receiver with 3' Cat6 Kit (1 each)  XD-9025: Microphone XD Teardrop Mic Kit (1 each)  AM-9001: CA-60A Amplifier, Power Supply and Power Cable with Spade Lugs Only (1 each)  XD-9050: Microphone XD Handheld Mic Kit (1 each)   **PEPPM Contract 529461-006 Audio Enhancement**",313,"$1,450.00","$453,850.00",CA,Antelope Valley High School District
,Invoice,9/8/2020,INV19396,Audio Enhancement Sentinel XD System Pal - 4 Ceiling Speakers (KIT) SP-9104 CS-12 (4) Ceiling Speaker Kit  SP-0001 CS-12 Ceiling Speaker Plenum Tile Bridge AC-0002 75' Plenum Speaker Wire  AC-0003 50' Plenum Speaker Wire  XD-9001 XD Receiver with 3' cat6 kit  XD-0601 Sensor AE Logo XD Receiver SRC14 AC-0102 3' cat6 Plenum black  XD-9025 Microphone XD Teardrop Mic Kit  XD-0701 AE XD Teardrop STD14 XD-5011 Dual USB Wall Mount Charger Block XD XD-5021 6' USB 2.0 A Male to Micro-USB B Male XD XD-5001 Li-iON Battery Pack 3.7V 700 mAh 2.6 Wh AM-9001 CA-60A Amp Kit AC-1002 Power Supply Wall Mount 24VDC 2A AC-1003 15' plnm Power Cable Spade Lug  AM-0102 CA-60A  XD-9050 XD Handheld Kit  XD-0801 XD Handheld SHH14 XD-5001 Li-iON Battery Pack 3.7V 700 mAh 2.6Wh XD-58021 6' USB 2.0 A Male to Micro USB B Male XD,4,"$1,450.00","$5,800.00",CA,Antelope Valley High School District
,Invoice,11/24/2020,INV19579,"Certified Professional Installation of ActivPanel, Wall Mount, Chromebox, Webcam, Audio Enhancement with 4 Ceiling Speakers. Data run from existing port in room.  All cabling and raceway included",4,"$1,150.00","$4,600.00",CA,Antelope Valley High School District
,Invoice,9/24/2020,INV19431,"Certified Professional Installation of ActivPanels and wall mount, Lenovo Micro PC behind panels (right side), webcam, audio enhancement with 4 ceiling speaker. All cabling and raceway included.                   ***Desert Winds HS***  **DigitalEdge Contract #ESD112-DE-16A*",4,"$1,150.00","$4,600.00",CA,Antelope Valley High School District
,Invoice,9/15/2020,INV19419,"Certified Professional Installation of ActivPanels and wall mount, Lenovo Micro PC behind panels (right side), webcam, audio enhancement with 4 ceiling speaker. All cabling and raceway included.                   ***Rex Parris HS***  **DigitalEdge Contract #ESD112-DE-16A*",4,"$1,150.00","$4,600.00",CA,Antelope Valley High School District
,Invoice,6/11/2020,INV19240,Certified Professional Installation of ActivPanels with ActivConnect OPS and all necessary cabling on ProColor Mobile Carts    ***Eastside HS*** **DigitalEdge Contract #ESD112-DE-16A**,5,$575.00,"$2,875.00",CA,Antelope Valley High School District
,Invoice,6/11/2020,INV19239,Certified Professional Installation of ActivPanels with ActivConnect OPS and all necessary cabling on ProColor Mobile Carts    ***Eastside HS*** **DigitalEdge Contract #ESD112-DE-16A**,3,$575.00,"$1,725.00",CA,Antelope Valley High School District
,Invoice,6/11/2020,INV19241,Certified Professional Installation of ActivPanels with ActivConnect OPS and all necessary cabling on ProColor Mobile Carts    ***Eastside HS*** **DigitalEdge Contract #ESD112-DE-16A**,1,$575.00,$575.00,CA,Antelope Valley High School District
,Invoice,12/29/2020,INV19621,"Certified Professional Integration of Activpanel and wall mount in to existing classroom infrastructure including audio system and data run from existing port. Includes all cables, raceway and power strips to complete install to district standards.      **PEPPM Contract 528899-123 Promethean**",68,"$1,235.00","$83,980.00",CA,Antelope Valley High School District
,Invoice,10/21/2020,INV19528,"Container Antelope Valley HS  ActivPanel Titanium 75"" - 4 x Pen, Vesa Mount, WIFI Module & cable pack included. ActivInspire Professional Edition available FOC",84,"$3,999.00","$335,916.00",CA,Antelope Valley High School District
,Invoice,10/21/2020,INV19527,"Container Lancaster HS  ActivPanel Titanium 75"" - 4 x Pen, Vesa Mount, WIFI Module & cable pack included. ActivInspire Professional Edition available FOC",84,"$3,999.00","$335,916.00",CA,Antelope Valley High School District
,Invoice,10/21/2020,INV19529,"Container Quartz Hill HS ActivPanel Titanium 75"" - 4 x Pen, Vesa Mount, WIFI Module & cable pack included. ActivInspire Professional Edition available FOC",84,"$3,999.00","$335,916.00",CA,Antelope Valley High School District
,Invoice,11/21/2020,INV19573,"Container William J Pete Knight HS ActivPanel Titanium 75"" - 4 x Pen, Vesa Mount, WIFI Module & cable pack included. ActivInspire Professional Edition available FOC",84,"$3,999.00","$335,916.00",CA,Antelope Valley High School District
,Invoice,2/6/2020,INV19043,Desert Winds High School - Certified Professional Integration of Activpanel and wall mount in to existing classroom infrastructure including audio system and data run from existing port.,3,"$1,100.00","$3,300.00",CA,Antelope Valley High School District
,Invoice,2/6/2020,INV19042,Highland High School - Certified Professional Integration of Activpanel and wall mount in to existing classroom infrastructure including audio system and data run from existing port.,17,"$1,100.00","$18,700.00",CA,Antelope Valley High School District
,Invoice,2/3/2020,INV19027,Lancaster High School - Certified Professional Integration of Activpanel and wall mount in to existing classroom infrastructure including audio system and data run from existing port.,11,"$1,100.00","$12,100.00",CA,Antelope Valley High School District
,Invoice,2/6/2020,INV19040,LENOVO : Lenovo Essential Wireless Keyboard and Mouse Combo - US English,3,$49.99,$149.97,CA,Antelope Valley High School District
,Invoice,3/31/2020,INV19146,LENOVO : Lenovo Essential Wireless Keyboard and Mouse Combo - US English,3,$49.99,$149.97,CA,Antelope Valley High School District
,Invoice,3/31/2020,INV19145,LENOVO : Lenovo Essential Wireless Keyboard and Mouse Combo - US English,5,$49.99,$249.95,CA,Antelope Valley High School District
,Invoice,4/13/2020,INV19159,LENOVO : Lenovo Essential Wireless Keyboard and Mouse Combo - US English,1,$49.99,$49.99,CA,Antelope Valley High School District
,Invoice,7/7/2020,INV19286,LENOVO : Lenovo Essential Wireless Keyboard and Mouse Combo - US English,4,$49.99,$199.96,CA,Antelope Valley High School District
,Invoice,9/15/2020,INV19419,LENOVO : Lenovo Essential Wireless Keyboard and Mouse Combo - US English,4,$49.99,$199.96,CA,Antelope Valley High School District
,Invoice,11/24/2020,INV19579,LENOVO : Lenovo Essential Wireless Keyboard and Mouse Combo - US English,4,$49.99,$199.96,CA,Antelope Valley High School District
,Invoice,3/31/2020,INV19146,Lenovo Tiny VESA Mount II- system mounting bracket. System mounting bracket - for ThinkCentre M700; M715q; M72e; M900; M92; M92p; M93p,3,$25.57,$76.71,CA,Antelope Valley High School District
,Invoice,3/31/2020,INV19145,Lenovo Tiny VESA Mount II- system mounting bracket. System mounting bracket - for ThinkCentre M700; M715q; M72e; M900; M92; M92p; M93p,5,$25.57,$127.85,CA,Antelope Valley High School District
,Invoice,4/13/2020,INV19159,Lenovo Tiny VESA Mount II- system mounting bracket. System mounting bracket - for ThinkCentre M700; M715q; M72e; M900; M92; M92p; M93p,1,$25.57,$25.57,CA,Antelope Valley High School District
,Invoice,7/7/2020,INV19286,Lenovo Tiny VESA Mount II- system mounting bracket. System mounting bracket - for ThinkCentre M700; M715q; M72e; M900; M92; M92p; M93p,4,$25.57,$102.28,CA,Antelope Valley High School District
,Invoice,2/6/2020,INV19039,Logitech HD Pro Webcam C920. Web camera - color - 1920 x 1080 - audio - USB 2.0 - H.264,2,$79.99,$159.98,CA,Antelope Valley High School District
,Invoice,2/6/2020,INV19040,Logitech HD Pro Webcam C920. Web camera - color - 1920 x 1080 - audio - USB 2.0 - H.264,3,$79.99,$239.97,CA,Antelope Valley High School District
,Invoice,3/31/2020,INV19146,Logitech HD Pro Webcam C920. Web camera - color - 1920 x 1080 - audio - USB 2.0 - H.264,3,$79.99,$239.97,CA,Antelope Valley High School District
,Invoice,3/31/2020,INV19145,Logitech HD Pro Webcam C920. Web camera - color - 1920 x 1080 - audio - USB 2.0 - H.264,5,$79.99,$399.95,CA,Antelope Valley High School District
,Invoice,4/13/2020,INV19159,Logitech HD Pro Webcam C920. Web camera - color - 1920 x 1080 - audio - USB 2.0 - H.264,1,$79.99,$79.99,CA,Antelope Valley High School District
,Invoice,10/1/2020,INV19477,Logitech HD Pro Webcam C920. Web camera - color - 1920 x 1080 - audio - USB 2.0 - H.264,4,$79.99,$319.96,CA,Antelope Valley High School District
,Invoice,2/5/2020,INV19031,Promethean Chromebox,11,$349.00,"$3,839.00",CA,Antelope Valley High School District
,Invoice,2/6/2020,INV19039,Promethean Chromebox,2,$349.00,$698.00,CA,Antelope Valley High School District
,Invoice,2/6/2020,INV19040,Promethean Chromebox,3,$349.00,"$1,047.00",CA,Antelope Valley High School District
,Invoice,9/8/2020,INV19396,Promethean Chromebox,4,$349.00,"$1,396.00",CA,Antelope Valley High School District
,Invoice,9/22/2020,INV19430,Promethean Chromebox,4,$349.00,"$1,396.00",CA,Antelope Valley High School District
,Invoice,11/21/2020,INV19573,Promethean Fixed height mobile stand for use with ActivPanel   **PEPPM Contract 528899-123 Promethean**,16,$480.00,"$7,680.00",CA,Antelope Valley High School District
,Invoice,11/17/2020,INV19569,Promethean Fixed height mobile stand for use with ActivPanel  **PEPPM Contract 528899-123 Promethean**,9,$480.00,"$4,320.00",CA,Antelope Valley High School District
,Invoice,11/25/2020,INV19584,Promethean OPS-M (no OS preinstalled)  **PEPPM contract 528899-123 Promethean**,70,$799.00,"$55,930.00",CA,Antelope Valley High School District
,Invoice,11/17/2020,INV19569,Promethean OPS-M (no OS preinstalled)  *PEPPM contract 528899-123 Promethean**,68,$799.00,"$54,332.00",CA,Antelope Valley High School District
,Invoice,10/21/2020,INV19530,Promethean OPS-M (Win 10 IoT preinstalled)  **PEPPM contract 528899-123 Promethean**,560,$799.00,"$447,440.00",CA,Antelope Valley High School District
,Invoice,11/21/2020,INV19573,Promethean Side Mounted Laptop Shelf,16,$95.00,"$1,520.00",CA,Antelope Valley High School District
,Invoice,12/29/2020,INV19621,Promethean Side Mounted Laptop Shelf     **PEPPM Contract 528899-123 Promethean**,9,$95.00,$855.00,CA,Antelope Valley High School District
,Invoice,2/3/2020,INV19027,Quartz Hill High School - Certified Professional Integration of Activpanel and wall mount in to existing classroom infrastructure including audio system and data run from existing port.,19,"$1,100.00","$20,900.00",CA,Antelope Valley High School District
,Invoice,2/6/2020,INV19043,Rex Parris High School -  Certified Professional Integration of Activpanel and wall mount in to existing classroom infrastructure including audio system and data run from existing port.,2,"$1,100.00","$2,200.00",CA,Antelope Valley High School District
,Invoice,3/31/2020,INV19146,"ThinkCentre M920q, Intel Core i5-8500T, Windows 10 Pro 64, 8GB, 10RS",3,$949.00,"$2,847.00",CA,Antelope Valley High School District
,Invoice,3/31/2020,INV19145,"ThinkCentre M920q, Intel Core i5-8500T, Windows 10 Pro 64, 8GB, 10RS",5,$949.00,"$4,745.00",CA,Antelope Valley High School District
,Invoice,4/13/2020,INV19159,"ThinkCentre M920q, Intel Core i5-8500T, Windows 10 Pro 64, 8GB, 10RS",1,$949.00,$949.00,CA,Antelope Valley High School District
,Invoice,7/7/2020,INV19286,"ThinkCentre M920q, Intel Core i5-8500T, Windows 10 Pro 64, 8GB, 10RS",4,$949.00,"$3,796.00",CA,Antelope Valley High School District
,Invoice,10/21/2020,INV19525,"Truck load Highland HS  ActivPanel Titanium 75"" - 4 x Pen, Vesa Mount, WIFI Module & cable pack included. ActivInspire Professional Edition available FOC",112,"$3,999.00","$447,888.00",CA,Antelope Valley High School District
,Invoice,10/21/2020,INV19526,"Truck Load Palmdale HS ActivPanel Titanium 75"" - 4 x Pen, Vesa Mount, WIFI Module & cable pack included. ActivInspire Professional Edition available FOC",112,"$3,999.00","$447,888.00",CA,Antelope Valley High School District
,Invoice,4/28/2020,INV19180,iRover²™ for Interactive Flat Panels 500,1,"$1,175.00","$1,175.00",CA,Bakersfield City School District
,Invoice,11/25/2020,INV19583,"ActivPanel Nickel 75"" - 1 x Pen, Vesa Mount, WIFI Module & cable pack included. ActivInspire Professional Edition available FOC",39,"$2,625.00","$102,375.00",CA,Bret Harte Union High School District
,Invoice,12/22/2020,INV19615,"ActivPanel Nickel 75"" - 1 x Pen, Vesa Mount, WIFI Module & cable pack included. ActivInspire Professional Edition available FOC",1,"$2,625.00","$2,625.00",CA,Bret Harte Union High School District
,Invoice,12/11/2020,INV19598,Certified Professional Installation ACT will removal all existing whiteboards and projectors from the wall/ceiling. ACT will then install the ActivPanel on the wall with a fixed vesa mount.  ACT will set all removed equipment in a specified location in each room for customer to dispose of.,39,$825.00,"$32,175.00",CA,Bret Harte Union High School District
,Invoice,12/22/2020,INV19614,Manual height adjustable mobile stand for use with ActivPanel,1,"$1,279.00","$1,279.00",CA,Bret Harte Union High School District
,Invoice,8/4/2020,INV19335,Vivitek DW884ST Projector,1,$750.00,$750.00,CA,Bret Harte Union High School District
,Invoice,6/30/2020,INV19269,"Promethean ActivBoard 10Touch Range 78"" Dry Erase electronic interactive whiteboard.   *CE Rm 14*",1,"$1,099.00","$1,099.00",CA,Charleston Elementary School
,Invoice,1/30/2020,INV19019,ActivConnect OPS - AP PC for Android.,1,$99.00,$99.00,CA,Coalinga Middle School
,Invoice,1/30/2020,INV19019,"ActivPanel Titanium 86"" - 4 x Pen, Vesa Mount, WIFI Module & cable pack included. ActivInspire Professional Edition available FOC  **Promethean First Time /Buyer Promo Pricing**",1,"$3,437.00","$3,437.00",CA,Coalinga Middle School
,Invoice,2/24/2020,INV19073,Certified Installation of ActivPanel - Wall Installation           **Digital Edge Contract #ESD112-DE-16A**,1,$650.00,$650.00,CA,Coalinga Middle School
,Invoice,1/8/2020,INV18985,"LU UNO turn-key system for: One interactive video wall, light and sound system  **Price reflects 10% discount for Lü Launch Pad Program.",1,"$13,500.00","$13,500.00",CA,Eastside High School
,Invoice,4/28/2020,INV19183,"ActivPanel Titanium 86"" - 4 x Pen, Vesa Mount, WIFI Module & cable pack included. ActivInspire Professional Edition available FOC",1,"$3,437.00","$3,437.00",CA,Escondido Union School District
,Invoice,1/31/2020,INV19028,"ActivPanel Nickel 65"" - 1 x Pen, Vesa Mount, WIFI Module & cable pack included. ActivInspire Professional Edition available FOC",1,"$1,050.00","$1,050.00",CA,Grace Lutheran School
,Invoice,9/3/2020,INV19389,"Manipulative Cleaning Tub Kit When students return, shared manipulatives like Lego, tan gram shapes, counters, etc. will need a fast and easy way to be cleaned every day. This simple but useful tub kit includes two of our durable Large Open Tubs and a new mesh-bottomed tub for a complete washing and drying set. Our tubs have been tested with Caviwipes (medical grade disinfection wipes) and bleach diluted to 2:10.",8,$55.00,$440.00,CA,Hephatha Lutheran School Church and School
,Invoice,2/11/2020,INV19058,ACT Certified Installation -Retrofit NEW Boxlight Projector onto Promethean original projector boom.,1,$165.00,$165.00,CA,Heritage Oak Private Education
,Invoice,10/29/2020,INV19544,ACT Certified Installation -Retrofit NEW Boxlight Projector onto Promethean original projector boom.,1,$0.00,$0.00,CA,Heritage Oak Private Education
,Invoice,2/11/2020,INV19058,"BoxLight Cambridge X37NST Projector XGA short-throw. 3700-lumens. (wireless optional)  MAY NEED TO ORDER A BOXLIGHT ""SPIDER"" MOUNT""",1,$799.00,$799.00,CA,Heritage Oak Private Education
,Invoice,10/29/2020,INV19544,"BoxLight Cambridge X37NST Projector XGA short-throw. 3700-lumens. (wireless optional)  MAY NEED TO ORDER A BOXLIGHT ""SPIDER"" MOUNT""",1,$0.00,$0.00,CA,Heritage Oak Private Education
,Invoice,2/26/2020,INV19075,Cambridge Replacement Filter,6,$19.00,$114.00,CA,Heritage Oak Private Education
,Invoice,11/11/2020,INV19558,Cambridge Replacement Filter,5,$25.00,$125.00,CA,Heritage Oak Private Education
,Invoice,3/3/2020,INV19092,ActivPanel Mobile Stand - For use with current & previous versions of ActivPanel *,3,$599.00,"$1,797.00",CA,Highland High School
,Invoice,7/15/2020,INV19299,Boxlight N12 WXGA Ultra Short Throw Projector with bulb. 4000 Lumens. Mount included,3,"$1,399.00","$4,197.00",CA,Huntington Christian School
,Invoice,1/8/2020,INV18986,BenQ MW826ST Replacement Lamp,3,$99.00,$297.00,CA,Kennedy Elementary School
,Invoice,6/11/2020,INV19238,ACT Certified Installation- re-installation of Promethean Interactive Whiteboard Systems,3,$750.00,"$2,250.00",CA,Lancaster High School
,Invoice,8/20/2020,INV19364,ACT Certified Installation- re-installation of Promethean Interactive Whiteboard Systems,3,$750.00,"$2,250.00",CA,Lancaster High School
,Invoice,6/18/2020,INV19254,TRUTOUCH 860RS Ultra-HD LED Multi-touch Display,1,"$5,000.01","$5,000.01",CA,Linker Financial Group Inc
,Invoice,3/9/2020,INV19101,"CA-60 System with 4 Ceiling Speakers & tile bridges, 2-50' Speaker Cables and 25' 3.5mm cable (KIT)   AM-9001 CA-60 Amplifier 1 each AC-0003 Cable Wire Speaker 50 ft plenum rated speaker wire 1 each AC-0002 Cable Wire Speaker 75 ft tinned plenum rated speaker wire 1 each 3300-0043 Speaker CS-12 Tile Bridges for Ceiling Plenum Speaker 4 each SP-0001 Speaker CS-12 Ceiling Speaker with Plenum Rated Back can 4 each AC-1002 Power Supply, Wall Mount 24VDC 2A 1 each AC-1003 15' Cable, Plenum Power Cable with 2 Spade Lugs to bare wires",1,$425.00,$425.00,CA,Los Banos Junior High School
,Invoice,3/24/2020,INV19126,"CA-60 System with 4 Ceiling Speakers & tile bridges, 2-50' Speaker Cables and 25' 3.5mm cable (KIT)   AM-9001 CA-60 Amplifier 1 each AC-0003 Cable Wire Speaker 50 ft plenum rated speaker wire 1 each AC-0002 Cable Wire Speaker 75 ft tinned plenum rated speaker wire 1 each 3300-0043 Speaker CS-12 Tile Bridges for Ceiling Plenum Speaker 4 each SP-0001 Speaker CS-12 Ceiling Speaker with Plenum Rated Back can 4 each AC-1002 Power Supply, Wall Mount 24VDC 2A 1 each AC-1003 15' Cable, Plenum Power Cable with 2 Spade Lugs to bare wires",2,$425.00,$850.00,CA,Los Banos Junior High School
,Invoice,3/24/2020,INV19122,Audio Enhancement CA-60 Amp,1,$225.00,$225.00,CA,Los Banos Unified School District
,Invoice,3/24/2020,INV19127,Audio Enhancement CA-60 Amp,2,$225.00,$450.00,CA,Los Banos Unified School District
,Invoice,3/24/2020,INV19122,"Audio Enhancement Wall Mount 24VDC 2A Power Supply & 15ft Plenum cable w/Spade Lugs 3010-0103 Power Supply, Wall Mount 24VDC  2A 3210-0104 Cable, 15',Plenum Power cable w/2 Spade Luge to bare wries - use with 3010-0103",1,$75.00,$75.00,CA,Los Banos Unified School District
,Invoice,3/24/2020,INV19127,"Audio Enhancement Wall Mount 24VDC 2A Power Supply & 15ft Plenum cable w/Spade Lugs 3010-0103 Power Supply, Wall Mount 24VDC  2A 3210-0104 Cable, 15',Plenum Power cable w/2 Spade Luge to bare wries - use with 3010-0103",2,$75.00,$150.00,CA,Los Banos Unified School District
,Invoice,3/19/2020,INV19120,"CA-60 System with 4 Ceiling Speakers & tile bridges, 2-50' Speaker Cables and 25' 3.5mm cable (KIT)   3000-0473 CA-60 Amplifier 1 each 3210-0075 Cable 35ft 3.5X3.5 Cable 1 each 3200-0003 Cable Wire Speaker 50 ft plenum rated speaker wire 1 each 3200-0002 Cable Wire Speaker 75 ft tinned plenum rated speaker wire 1 each 3300-0043 Speaker CS-12 Tile Bridges for Ceiling Plenum Speaker 4 each 3300-0044 Speaker CS-12 Ceiling Speaker with Plenum Rated Back can 4 each 3010-0103 Power Supply, Wall Mount 24VDC 2A 1 each 3210-0104 15' Cable, Plenum Power Cable with 2 Spade Lugs to bare wires - use w/3010-0103 for CA-60",1,$425.00,$425.00,CA,Los Banos Unified School District
,Invoice,10/8/2020,INV19497,"ActivPanel Nickel 75"" - 1 x Pen, WIFI Module & cable pack included. ActivInspire Professional Edition available FOC",1,"$2,750.00","$2,750.00",CA,Mater Dei High School
,Invoice,10/8/2020,INV19497,Promethean Mobile Adj Stand System for ActivPanel.  (check product information for compatibility with ActivPanel),1,"$1,275.00","$1,275.00",CA,Mater Dei High School
,Invoice,3/17/2020,INV19114,Installation -,1,"$3,500.00","$3,500.00",CA,Mountain Elementary School
,Invoice,3/18/2020,INV19089,ActivConnect OPS - AP PC for Android.,23,$196.52,"$4,519.96",CA,National School District
,Invoice,3/18/2020,INV19089,"ActivPanel Nickel 65"" - 1 x Pen, Vesa Mount, WIFI Module & cable pack included. ActivInspire Professional Edition available FOC",23,"$2,038.00","$46,874.00",CA,National School District
,Invoice,3/18/2020,INV19089,"BoxLight Rainier IFPD-MOB  Motorized height adjustable mobile stand. For use with entire BOXLIGHT ProColor line up to 84"". Includes mobile base, adjustable column, wired remote, and vesa plate   ACT Certified Assembly and Set-Up Free of Charge. Warehousing and Transportation of Promethean ActivPanels and Mobile Carts Included.   * Spring Assembly and Set-Up  March 23- April 3, 2020 for (40) ActivPanels.  * Professional Development Support -Promethean On-Site Training Included. -Promethean On-Site Technical Training Included. -Promethean Summit.  ***Digital Edge Contract #ESD112-DE-16A***",23,"$1,697.00","$39,031.00",CA,National School District
,Invoice,12/8/2020,INV19596,"Draper Projection Screen Luma with Autrtrn, 16:10, MT W 109""",1,$375.00,$375.00,CA,Nevada City School District
,Invoice,2/17/2020,INV19062,HoverCam Solo 8+,3,$349.00,"$1,047.00",CA,Nevada City School District
,Invoice,12/8/2020,INV19596,Optoma EH412 Projector. 4500 Lumens. 4K UHD,1,$835.00,$835.00,CA,Nevada City School District
,Invoice,12/8/2020,INV19596,Universal Precision Gear Projector Mount Black,1,$143.00,$143.00,CA,Nevada City School District
,Invoice,6/1/2020,INV19225,"Philips 86"" Prosumer (16/7 landscape) display, 4K ultra HD resollution, 410 cd/m2, Android 5 quad core SOC, 8GB memory, SD card, OPS slot, 3-year advance exchange warranty.",1,"$6,200.00","$6,200.00",CA,Oxnard School District
,Invoice,2/12/2020,INV19061,Promethean PRM-45 replacement lamp. Also for PRM-45A projector.,7,$99.00,$693.00,CA,Oxnard School District
,Invoice,3/16/2020,INV19105,Promethean PRM-45 replacement lamp. Also for PRM-45A projector.,12,$99.00,"$1,188.00",CA,Oxnard School District
,Invoice,7/13/2020,INV19297,Vivitek DW884ST Projector,30,$623.00,"$18,690.00",CA,Oxnard School District
,Invoice,2/10/2020,INV19054,"CA-60 System with 4 Wall Speakers & tile bridges, 4-50' Speaker Cables and 25' 3.5mm cable (KIT)  3000-0473 CA-60 Amplifier 1 each 3010-0103 Power Supply, Wall Mount 24VDC 2A 1 each 3210-0104 Cable, 15', Plenum Power Cable w/ 2 spade lugs - use w/3010-0103 for CA-60  3210-0075 Cable 35ft 3.5X3.5 Cable 1 each 3200-0003 Cable Wire Speaker 50 ft plenum rated speaker wire 1 each 3300-0003 Speaker, Wall, WS-09  **PHS Library Sound**",1,$425.00,$425.00,CA,Pacheco High School
,Invoice,9/28/2020,INV19461,"ActivPanel Nickel 65"" - 1 x Pen, Vesa Mount, WIFI Module & cable pack included. ActivInspire Professional Edition available FOC",14,"$1,585.00","$22,190.00",CA,Palm Lane Charter School
,Invoice,10/19/2020,INV19518,"ActivPanel Nickel 65"" - 1 x Pen, Vesa Mount, WIFI Module & cable pack included. ActivInspire Professional Edition available FOC",1,"$1,585.00","$1,585.00",CA,Palm Lane Charter School
,Invoice,9/28/2020,INV19461,"ActivPanel Titanium 75"" - 4 x Pen, Vesa Mount, WIFI Module & cable pack included. ActivInspire Professional Edition available FOC",1,"$2,975.00","$2,975.00",CA,Palm Lane Charter School
,Invoice,9/28/2020,INV19461,"ActivPanel Titanium 86"" - 4 x Pen, Vesa Mount, WIFI Module & cable pack included. ActivInspire Professional Edition available FOC",1,"$4,500.00","$4,500.00",CA,Palm Lane Charter School
,Invoice,10/7/2020,INV19494,"Certified Professional Installation of ActivPanel on ActivCart, Cable Management, All updates needed for ActivPanel, Classroom Deployment and Trash Removal.",16,$350.00,"$5,600.00",CA,Palm Lane Charter School
,Invoice,10/19/2020,INV19518,"Certified Professional Installation of ActivPanel on ActivCart, Cable Management, All updates needed for ActivPanel, Classroom Deployment and Trash Removal.",1,$350.00,$350.00,CA,Palm Lane Charter School
,Invoice,10/7/2020,INV19493,Manual height adjustable mobile stand for use with ActivPanel,14,"$1,065.00","$14,910.00",CA,Palm Lane Charter School
,Credit Memo,10/7/2020,449,Manual height adjustable mobile stand for use with ActivPanel,-14,"$1,065.00","-$14,910.00",CA,Palm Lane Charter School
,Invoice,10/7/2020,INV19493,Manual height adjustable mobile stand for use with ActivPanel,2,"$1,065.00","$2,130.00",CA,Palm Lane Charter School
,Credit Memo,10/7/2020,449,Manual height adjustable mobile stand for use with ActivPanel,-2,"$1,065.00","-$2,130.00",CA,Palm Lane Charter School
,Invoice,10/7/2020,INV19494,Promethean Fixed height mobile stand for use with ActivPanel,16,$599.00,"$9,584.00",CA,Palm Lane Charter School
,Invoice,10/19/2020,INV19518,Promethean Fixed height mobile stand for use with ActivPanel,1,$599.00,$599.00,CA,Palm Lane Charter School
,Invoice,10/26/2020,INV19532,"Boxlight Procolor I5 IPC 128GBSS WIFI BLUETOOTH FOR PROCOLOR  652U, 702U, 752U, 862U IFP (Windows license not included)",2,$850.00,"$1,700.00",CA,Pioneer Union School District
,Invoice,11/23/2020,INV19576,"Certified Professional Installation of Procolor 75"" Interactive Flat panel on wall with cable kit",2,$995.00,"$1,990.00",CA,Pioneer Union School District
,Invoice,10/26/2020,INV19532,"PROCOLOR 75"" IR UHD/4K ANDROID IFP | Includes WIFI and WALLMOUNT in Panel Box. Includes MimioStudio (with 5 Years of MimioMobile), Qwizdom Oktopus, Qwizdom GameZones, Oktopus Blend, and MimioConnect (1-Year Premium/2 Years Basic), and Online Training",2,"$2,580.00","$5,160.00",CA,Pioneer Union School District
,Invoice,11/25/2020,INV19586,"Replacement Lamp  P8, P10, Dallas WX31NXT, WX35NXT and Mimio 280",10,$140.00,"$1,400.00",CA,River Bluff Elementary School
,Invoice,3/31/2020,INV19148,"BenQ MW535A Projector WXGA  3600 Lumens. 15,000:1 Contrast.",5,$412.00,"$2,060.00",CA,Snowline Joint Unified School District
,Invoice,3/31/2020,INV19148,"BoxLight P5 WX31NST, P6 WX31NST, Boston X40N Replacement Lamp",3,$195.00,$585.00,CA,Snowline Joint Unified School District
,Invoice,11/4/2020,INV19541,"ActivPanel Titanium 75"" - 4 x Pen, Vesa Mount, WIFI Module & cable pack included. ActivInspire Professional Edition available FOC",186,"$3,399.00","$632,214.00",CA,Southern Kern Unified School District
,Invoice,11/9/2020,INV19550,"ActivPanel Titanium 75"" - 4 x Pen, Vesa Mount, WIFI Module & cable pack included. ActivInspire Professional Edition available FOC",2,"$3,399.00","$6,798.00",CA,Southern Kern Unified School District
,Invoice,11/23/2020,INV19574,"Certified Professional Installation and White Glove Service.  ACT will receive, warehouse and transport all product to SKUSD.  We will deliver and build each unit so product is not staged for a long period of time.  Installation of ActivPanel on Mobile Cart.  Trash will removed and properly disposed by ACT.      ***CMAS Contract #3-20-00-0527A***",186,$500.00,"$93,000.00",CA,Southern Kern Unified School District
,Invoice,11/23/2020,INV19575,"Certified Professional Installation and White Glove Service. ACT will receive, warehouse and transport all product to SKUSD. We will deliver and build each unit so product is not staged for a long period of time. Installation of ActivPanel on Mobile Cart. Trash will removed and properly disposed by ACT.         ***PEPPM contract 528899-123 Promethean***",2,$500.00,"$1,000.00",CA,Southern Kern Unified School District
,Invoice,11/4/2020,INV19541,Promethean Fixed height mobile stand for use with ActivPanel,186,$500.00,"$93,000.00",CA,Southern Kern Unified School District
,Invoice,11/9/2020,INV19550,Promethean Fixed height mobile stand for use with ActivPanel,2,$500.00,"$1,000.00",CA,Southern Kern Unified School District
,Invoice,1/18/2020,INV18994,"BoxLight Procolor 75"" Interactive Flat Panel Ultra High Def 4k resolution with Android. UNPLUGD is included.",1,"$2,499.00","$2,499.00",CA,Torrance Unified School District
,Invoice,1/23/2020,INV19013,"BoxLight Procolor 75"" Interactive Flat Panel Ultra High Def 4k resolution with Android. UNPLUGD is included.",1,"$2,499.00","$2,499.00",CA,Torrance Unified School District
,Invoice,4/13/2020,INV19162,"Promethean ActivBoard 10Touch Range 78"" Dry Erase electronic interactive whiteboard.   **Room 15**",1,"$1,099.00","$1,099.00",CA,Volta Elementary School
,Invoice,12/8/2020,INV19595,"CA-60 System with 4 Ceiling Speakers & tile bridges (kit)  SP-9104 - CS-12 (4) Ceiling Speaker Kit (1 each)  SP-0001 - CS-12 Ceiling Speaker Plenum Rated Back Can with Tile Bridge (4 each)  AC-0002 - 75' Speaker Wire Plenum Rated (1 each)   AC-0003 - 50' Speaker Wire Plenum Rated (1 each)  AM-9001 - CA-60A Amplifier, Power Supply & Power Cable with Spade Lugs Only (Kit)  AC-1002 - Power Supply Wall Mount 24VDC 2A (1 each) AC-1003 - 15' Plenum Power Cable (1 each)   AM-0102 - CA-60A Classroom Amplifier (1 each)  AC-0202 - 35' 3.5 Male to 3.5 Male Plenum Rated - Shielded - Low Profile (1 each)",4,$425.00,"$1,700.00",CA,Westside Union Elementary School
,Invoice,12/8/2020,INV19595,"Promethean ActivBoard 10Touch Range 78"" Dry Erase electronic interactive whiteboard.",4,"$1,099.00","$4,396.00",CA,Westside Union Elementary School
,Invoice,1/27/2020,INV19017,"Audio Enhancement ceiling speaker kit. Includes 1 ceiling speaker, 1 tile and 1 of 50' - plenum speaker and wire.  KIT IS FOR ONE SPEAKER  ONLY",4,$100.00,$400.00,CA,XIT Solutions
,Invoice,3/31/2020,INV19138,Audio Enhancement wall speaker - WS-09,30,$52.00,"$1,560.00",CA,XIT Solutions
,,,,,,,,,
,,,,,,,,,
,Invoice,11/25/2020,INV19582,Service,1,"$8,620.00","$8,620.00",GA,Promethean Inc.
,Invoice,12/9/2020,INV19597,Service Case 01089251 Case 01087867,1,$440.00,$440.00,GA,Promethean Inc.
,,,,,,,,,
,,,,,,,,,
,Invoice,12/22/2020,INV19617,"AE BEAM - Vertical Stand - Teacher Mic Only (Kit) XD-1213: BEAM Classroom Audio Bar System, Vertical Mount Orientation,  AC-3008: Beam Vertical Stand",1,"$1,215.00","$1,215.00",ID,Coeur d'Alene Public Schools
,Invoice,6/11/2020,INV19242,"ActivPanel Mobile Stand - For use with current & previous versions of ActivPanel *   *only stand compatible with 65"" panel.",1,$375.00,$375.00,ID,Kootenai County Fire & Rescue
,Invoice,6/11/2020,INV19242,"ActivPanel Nickel 65"" - 1 x Pen, Vesa Mount, WIFI Module & cable pack included. ActivInspire Professional Edition available FOC",1,"$1,847.00","$1,847.00",ID,Kootenai County Fire & Rescue
,Invoice,6/11/2020,INV19242,"ActivPanel Titanium 86"" - 4 x Pen, Vesa Mount, WIFI Module & cable pack included. ActivInspire Professional Edition available FOC",1,"$3,437.00","$3,437.00",ID,Kootenai County Fire & Rescue
,Invoice,6/11/2020,INV19242,"HoverCam Ultra 8 Document Camera HDMI, VGA, SuperSpeed USB 3.0 Connectors",1,$449.00,$449.00,ID,Kootenai County Fire & Rescue
,Invoice,6/11/2020,INV19242,Promethean ActivSoundBar - For use with  current versions of ActivBoard Touch &  ActivPanel. Mounting brackets included.,1,$149.00,$149.00,ID,Kootenai County Fire & Rescue
,Invoice,6/11/2020,INV19242,Promethean ActivSoundBar - For use with  current versions of ActivBoard Touch &  ActivPanel. Mounting brackets included.,1,$149.00,$149.00,ID,Kootenai County Fire & Rescue
,Invoice,6/11/2020,INV19242,Promethean Chromebox,1,$349.00,$349.00,ID,Kootenai County Fire & Rescue
,Invoice,6/11/2020,INV19242,Promethean Chromebox,1,$250.00,$250.00,ID,Kootenai County Fire & Rescue
,Invoice,8/26/2020,INV19374,AE 50' Cat6 Plnm Purple WPA,27,$33.00,$891.00,ID,Silver Hills Elementary School
,Invoice,8/26/2020,INV19374,AE 7' Cat6 Plenum Rated - Black Cable,4,$11.00,$44.00,ID,Silver Hills Elementary School
,Invoice,8/26/2020,INV19374,"AE 70V Wall Mount Speaker, White",5,$89.00,$445.00,ID,Silver Hills Elementary School
,Invoice,8/26/2020,INV19374,AE CS-12 (2) Ceiling Speaker Kit  SP-0001 CS-12 Ceiling Speaker Plenum Rated Back Can w/ Tile Bridge (2 each)  AC-0002 75' Speaker Wire Plenum Rated (1 each)  AC-0003 50' Speaker Wire Plenum Rated (1 each),4,$137.00,$548.00,ID,Silver Hills Elementary School
,Invoice,8/26/2020,INV19374,AE Engineering & Design Fee,1,"$1,495.00","$1,495.00",ID,Silver Hills Elementary School
,Invoice,8/26/2020,INV19374,"AE EPIC 70v Ceiling w/ Tile bridge & Back Can SP-0301 EPIC 70v Ceiling Speaker 8"", Multi-Tap 15 watts (1 each)  SP-1015 70v Speaker Tile Rail (2 each)  SP-1037 8"" Back can for 70v Speaker (1 each)",51,$65.00,"$3,315.00",ID,Silver Hills Elementary School
,Invoice,8/26/2020,INV19374,"AE EPIC 70v Speaker & 8"" enclosure for Hard Lid Ceiling SP-0301 - EPIC 70v Ceiling Speaker 8"", Multi-tap - 15 watts (1 each)  SP-1034 - Blind Mount Speaker Enclosure 8"" back box 5"" deep (1 each)",2,$70.00,$140.00,ID,Silver Hills Elementary School
,Invoice,8/26/2020,INV19374,"AE EPIC Common Zone Amlifier 1 X 120W 70/100V, 1U HALF-RACK",1,$615.00,$615.00,ID,Silver Hills Elementary School
,Invoice,8/26/2020,INV19374,"AE EPIC Common Zone Amplifier 1 X 300W 70/100V, 2U",1,$700.00,$700.00,ID,Silver Hills Elementary School
,Invoice,8/26/2020,INV19374,"AE EPIC Common Zone Amplifier 1 X 80W 70/100V, 1U HALF-RACK",1,$495.00,$495.00,ID,Silver Hills Elementary School
,Invoice,8/26/2020,INV19374,"AE EPIC Common Zone Amplifier 2 X 120W 70/100V, 1U HALF-RACK",1,$785.00,$785.00,ID,Silver Hills Elementary School
,Invoice,8/26/2020,INV19374,AE Indoor Paging Horn w/ Grille,4,$160.00,$640.00,ID,Silver Hills Elementary School
,Invoice,8/26/2020,INV19374,AE Indoor Slanted Steel Speaker Enclosure - White,4,$65.00,$260.00,ID,Silver Hills Elementary School
,Invoice,8/26/2020,INV19374,AE MS-300 Network Interface,4,$435.00,"$1,740.00",ID,Silver Hills Elementary School
,Invoice,8/26/2020,INV19374,AE MS-300 Network Interface with 7' Cat6 Cable & 3.5 to RCA Cables (kit)  AC-0103 7' Cat6 Plenum Rated - Black (1 each) AC-2058 6' 3.5 male to 2 RCA male Y adapter (1 each)  AM-0301 MS-300 Network Interface (1 each),5,$435.00,"$2,175.00",ID,Silver Hills Elementary School
,Invoice,8/26/2020,INV19374,AE Optimum Classroom System  MS-500 POE Amplifier & CS-12 Ceiling Speaker kit.,21,"$1,130.00","$23,730.00",ID,Silver Hills Elementary School
,Invoice,8/26/2020,INV19374,AE Outdoor Paging Horn with Grille,11,$189.00,"$2,079.00",ID,Silver Hills Elementary School
,Invoice,8/26/2020,INV19374,AE Pre-Programming of Network Device,1,$33.00,$33.00,ID,Silver Hills Elementary School
,Invoice,8/26/2020,INV19374,AE QC10 Volume Control 70V,7,$29.00,$203.00,ID,Silver Hills Elementary School
,Invoice,8/26/2020,INV19374,AE Smart-UPS 1000VA LCD 120V UPS Backup,1,$872.00,$872.00,ID,Silver Hills Elementary School
,Invoice,8/26/2020,INV19374,AE Speaker Wire Plenum Rated,"8,000.00",$0.39,"$3,120.00",ID,Silver Hills Elementary School
,Invoice,8/26/2020,INV19374,AE UPS Backup 6 Outlet 425va 120v,1,$89.00,$89.00,ID,Silver Hills Elementary School
,Invoice,8/26/2020,INV19374,AE Vandal Resistant Square Surface-Mount Stainless Steel Speaker Enclosure,11,$145.00,"$1,595.00",ID,Silver Hills Elementary School
,Invoice,8/26/2020,INV19374,"AE Wall Plate, WPA-504 PTT & Emergency Buttons with Ambient Mic, Decora Plate - CAT 6 quote separately",27,$69.00,"$1,863.00",ID,Silver Hills Elementary School
,Invoice,8/26/2020,INV19374,"Audio Enhancement 2U Utility Shelt 15"" deep with vent holes",1,$70.00,$70.00,ID,Silver Hills Elementary School
,Invoice,8/26/2020,INV19374,Audio Enhancement Appliance Programming  per appliance,1,"$1,644.50","$1,644.50",ID,Silver Hills Elementary School
,Invoice,8/26/2020,INV19374,Audio Enhancement WS-09 (4) Wall Speaker Kit  SP-0100 Wall Speaker WS-09 - 4 each  AC-0002 75' Plnm speaker wire - 1 each  AC-0003 50' Plnm speaker wire - 1 each,1,"$1,130.00","$1,130.00",ID,Silver Hills Elementary School
,Invoice,8/26/2020,INV19374,EPIC Custom Map Development Fee,1,$500.00,$500.00,ID,Silver Hills Elementary School
,Invoice,8/26/2020,INV19374,EPIC Head End System,1,"$9,440.00","$9,440.00",ID,Silver Hills Elementary School
,Invoice,12/29/2020,INV19623,"ActivPanel Titanium 75"" - 4 x Pen, Vesa Mount, WIFI Module & cable pack included. ActivInspire Professional Edition available FOC",4,"$4,799.00","$19,196.00",ID,Tribal Youth Education Program
,Invoice,12/29/2020,INV19623,"ActivPanel Titanium 75"" - 4 x Pen, Vesa Mount, WIFI Module & cable pack included. ActivInspire Professional Edition available FOC",2,$0.00,$0.00,ID,Tribal Youth Education Program
,,,,,,,,,
,,,,,,,,,
,Invoice,9/9/2020,INV19408,AE Optimum Classroom System SP-9104: CS-12 (4) Ceiling Speaker Kit (1 each)  XD-9001: XD Receiver with 3' Cat6 Kit (1 each)  XD-9025: Microphone XD Teardrop Mic Kit (1 each)  XD-9050: Microphone XD Handheld Mic Kit (1 each)  AC-0202: 35' 3.5 Male to 3.5 Male Plenum Rated-Shielded-Low Profile (1 each)  AC-0125: 3' Cat6 Plenum Rated - Grey (1 each)  AC-0014: 22/2 Plenum Shielded Stranded Cable (30 each)  AM-0500: MS-500 POE Network Classroom Amplifier (1 each),2,"$1,950.00","$3,900.00",ME,The Landing School
,Invoice,9/9/2020,INV19408,AVer TR311HN Auto Tracking PTZ Camera,2,"$1,900.00","$3,800.00",ME,The Landing School
,Invoice,9/9/2020,INV19408,AVERMEDIA TECHNOLOGIES INC : PW313 - WebCam - CMOS - 2 MP - 2 mm,2,$79.99,$159.98,ME,The Landing School
,Invoice,9/9/2020,INV19408,TRUTOUCH 750RS Ultra-HD LED Multi-touch Display,2,"$3,599.00","$7,198.00",ME,The Landing School
,,,,,,,,,
,,,,,,,,,
,Invoice,9/21/2020,INV19425,ActivConnect OPS - AP PC for Android.,1,$189.00,$189.00,NV,Alice Maxwell Elementary School
,Invoice,9/21/2020,INV19425,"ActivPanel Nickel 75"" - 1 x Pen, Vesa Mount, WIFI Module & cable pack included. ActivInspire Professional Edition available FOC",1,"$3,525.00","$3,525.00",NV,Alice Maxwell Elementary School
,Invoice,9/28/2020,INV19457,Assembly of stand and mounting ActivPanel,1,$335.00,$335.00,NV,Alice Maxwell Elementary School
,Invoice,9/21/2020,INV19425,Promethean Fixed height mobile stand for use with ActivPanel,1,$503.00,$503.00,NV,Alice Maxwell Elementary School
,Invoice,9/8/2020,INV19393,ActivConnect OPS - AP PC for Android.,2,$189.00,$378.00,NV,Alice Smith Elementary School
,Invoice,9/8/2020,INV19393,"ActivPanel Mobile Stand - For use with current & previous versions of ActivPanel *   *only stand compatible with 65"" panel.",2,$503.00,"$1,006.00",NV,Alice Smith Elementary School
,Invoice,9/8/2020,INV19393,"ActivPanel Nickel 65"" - 1 x Pen, Vesa Mount, WIFI Module & cable pack included. ActivInspire Professional Edition available FOC",2,"$1,860.00","$3,720.00",NV,Alice Smith Elementary School
,Invoice,1/27/2020,INV19016,BoxLight Cambridge X33N - Bulb XGA Standard-Throw Projector. 3300 lumens,5,$599.00,"$2,995.00",NV,Alice Smith Elementary School
,Invoice,9/15/2020,INV19417,Installation If Needed. If you do not want us to assemble let me know and I'll remove,2,$335.00,$670.00,NV,Alice Smith Elementary School
,Invoice,7/7/2020,INV19285,"ActivPanel Titanium 70"" - 4 x Pen, Vesa Mount, WIFI Module & cable pack included. ActivInspire Professional Edition available FOC",1,"$3,999.00","$3,999.00",NV,Amplify Life
,Invoice,9/28/2020,INV19460,Promethean Fixed height mobile stand for use with ActivPanel,1,$503.00,$503.00,NV,Amplify Life
,Invoice,4/20/2020,INV19164,Vivitek DW884ST Projector,2,$685.10,"$1,370.20",NV,Anderson Elementary School
,Invoice,4/20/2020,INV19164,"Vivitek DX813 Projector - XGA, 3600 lumens",6,$578.00,"$3,468.00",NV,Anderson Elementary School
,Invoice,5/27/2020,INV19218,ActivConnect OPS - AP PC for Android.  **WCSD Bulk Pricing 100+ units** DIGITALEDGE CONTRACT #ESD112-DE-16A  .,33,$189.00,"$6,237.00",NV,Bohach Elementary School
,Invoice,5/27/2020,INV19218,"ActivPanel Titanium 75"" - 4 x Pen, Vesa Mount, WIFI Module & cable pack included. ActivInspire Professional Edition available FOC",33,"$4,065.00","$134,145.00",NV,Bohach Elementary School
,Invoice,5/27/2020,INV19218,Airtame 2 Wireless Connection,73,$347.36,"$25,357.28",NV,Bohach Elementary School
,Invoice,6/30/2020,INV19274,"Installation and Assembly of  Wbox TV on Omni Cart. ACT to Assemble Cart, Install VESA Mount and TV to Cart. Install AirTame into HDMI 2, and Power Strip. Deliver to School and designated Classroom. Test with Tech Laptop.   KCDA Contract 17-053, Interactive Technology Installation Services   .",15,$527.00,"$7,905.00",NV,Bohach Elementary School
,Invoice,8/6/2020,INV19340,"Installation and Assembly of  Wbox TV on Omni Cart. ACT to Assemble Cart, Install VESA Mount and TV to Cart. Install AirTame into HDMI 2, and Power Strip. Deliver to School and designated Classroom. Test with Tech Laptop.   KCDA Contract 17-053, Interactive Technology Installation Services   .",15,$527.00,"$7,905.00",NV,Bohach Elementary School
,Invoice,6/30/2020,INV19274,"Installation and Assembly of Promethean Panel on Copernicus IRover Cart. ACT to Assemble Cart, Install VESA Mount and Panel to Cart. Install Promethean Android OPS. AirTame into HDMI 2, and Power Strip. Deliver to School and designated Classroom. Test with Tech Laptop.   KCDA Contract 17-053, Interactive Technology Installation Services   .",16,$527.00,"$8,432.00",NV,Bohach Elementary School
,Invoice,8/6/2020,INV19340,"Installation and Assembly of Promethean Panel on Copernicus IRover Cart. ACT to Assemble Cart, Install VESA Mount and Panel to Cart. Install Promethean Android OPS. AirTame into HDMI 2, and Power Strip. Deliver to School and designated Classroom. Test with Tech Laptop.   KCDA Contract 17-053, Interactive Technology Installation Services   .",17,$527.00,"$8,959.00",NV,Bohach Elementary School
,Invoice,6/30/2020,INV19274,"Installation of Wbox 49"" TV on Tilt Wall Mount: ACT will deliver panel to site and install TV, Wall Mount and AirTame.   KCDA Contract 17-053, Interactive Technology Installation Services   .",5,$400.00,"$2,000.00",NV,Bohach Elementary School
,Invoice,8/6/2020,INV19340,"Installation of Wbox 49"" TV on Tilt Wall Mount: ACT will deliver panel to site and install TV, Wall Mount and AirTame.   KCDA Contract 17-053, Interactive Technology Installation Services   .",5,$400.00,"$2,000.00",NV,Bohach Elementary School
,Invoice,5/27/2020,INV19218,iRover2 mobile cart for Interactive Flat Panels for use with Promethean ActivPanel  **Includes 6 plug 25' power strip** **WCSD Bulk Pricing 100+ units** DIGITALEDGE CONTRACT #ESD112-DE-16A  .,33,"$1,134.64","$37,443.12",NV,Bohach Elementary School
,Invoice,5/27/2020,INV19218,"Wbox Tech 50""4K UHD TV - 3 HDMI, 2 USB, TOSLINK High-quality LED TV with LED backlight panel. ATSC Digital tuner. Inputs ports include VGA, HDMI (4), USB.  **WCSD Bulk Pricing 100+ units** DIGITALEDGE CONTRACT #ESD112-DE-16A",40,$466.95,"$18,678.00",NV,Bohach Elementary School
,Invoice,4/28/2020,INV19181,"ActivPanel Nickel 65"" - 1 x Pen, Vesa Mount, WIFI Module & cable pack included. ActivInspire Professional Edition available FOC",2,"$1,860.00","$3,720.00",NV,Cottonwood Elementary School
,Invoice,5/27/2020,INV19214,"ActivPanel Nickel 65"" - 1 x Pen, Vesa Mount, WIFI Module & cable pack included. ActivInspire Professional Edition available FOC",2,"$1,860.00","$3,720.00",NV,Cottonwood Elementary School
,Invoice,10/20/2020,INV19520,"ActivPanel Nickel 65"" - 1 x Pen, Vesa Mount, WIFI Module & cable pack included. ActivInspire Professional Edition available FOC",7,"$1,860.00","$13,020.00",NV,Cottonwood Elementary School
,Invoice,9/21/2020,INV19426,ActivConnect OPS - AP PC for Android.,1,$189.00,$189.00,NV,Damonte Ranch High School
,Invoice,11/16/2020,INV19565,ActivConnect OPS - AP PC for Android.,2,$189.00,$378.00,NV,Damonte Ranch High School
,Invoice,11/16/2020,INV19565,"ActivPanel Nickel 75"" - 1 x Pen, Vesa Mount, WIFI Module & cable pack included. ActivInspire Professional Edition available FOC",2,"$3,525.00","$7,050.00",NV,Damonte Ranch High School
,Invoice,9/21/2020,INV19426,"ActivPanel Titanium 75"" - 4 x Pen, Vesa Mount, WIFI Module & cable pack included. ActivInspire Professional Edition available FOC",1,"$4,065.00","$4,065.00",NV,Damonte Ranch High School
,Invoice,12/21/2020,INV19608,Assembly of stand and ActivPanel,2,$335.00,$670.00,NV,Damonte Ranch High School
,Invoice,10/20/2020,INV19519,"Assembly of stand and Panel, move to rooms  171",1,$335.00,$335.00,NV,Damonte Ranch High School
,Invoice,9/21/2020,INV19426,Promethean Fixed height mobile stand for use with ActivPanel,1,$503.00,$503.00,NV,Damonte Ranch High School
,Invoice,11/16/2020,INV19565,Promethean Fixed height mobile stand for use with ActivPanel,2,$499.00,$998.00,NV,Damonte Ranch High School
,Invoice,3/3/2020,INV19090,ActivConnect OPS - AP PC for Android.,2,$189.00,$378.00,NV,Dayton High School
,Invoice,7/13/2020,INV19296,ActivConnect OPS - AP PC for Android.,4,$189.00,$756.00,NV,Dayton High School
,Invoice,4/22/2020,INV19175,"ActivPanel Mobile Stand - For use with current & previous versions of ActivPanel *   *only stand compatible with 65"" panel.",2,$503.00,"$1,006.00",NV,Dayton High School
,Invoice,7/13/2020,INV19296,"ActivPanel Nickel 65"" - 1 x Pen, Vesa Mount, WIFI Module & cable pack included. ActivInspire Professional Edition available FOC",4,"$1,860.00","$7,440.00",NV,Dayton High School
,Invoice,3/3/2020,INV19090,"ActivPanel Nickel 75"" - 1 x Pen, Vesa Mount, WIFI Module & cable pack included. ActivInspire Professional Edition available FOC",2,"$3,525.00","$7,050.00",NV,Dayton High School
,Invoice,4/15/2020,INV19165,Vivitek DW884ST Projector,2,$685.10,"$1,370.20",NV,Dayton Intermediate School
,Invoice,6/30/2020,INV19267,Airtame 2 Wireless Connection,10,$440.00,"$4,400.00",NV,Desert Skies Middle School
,Invoice,6/30/2020,INV19267,"Wbox Tech 50"" LED 4K TV. High-quality LED TV with LED backlight panel. ATSC Digital tuner. Inputs ports include VGA, HDMI (4), USB.",6,$466.95,"$2,801.70",NV,Desert Skies Middle School
,Invoice,5/20/2020,INV19202,ActivConnect OPS - AP PC for Android.,15,$189.00,"$2,835.00",NV,Echo Loder Elementary School
,Invoice,5/20/2020,INV19202,"ActivPanel Nickel 75"" - 1 x Pen, Vesa Mount, WIFI Module & cable pack included. ActivInspire Professional Edition available FOC",15,"$3,525.00","$52,875.00",NV,Echo Loder Elementary School
,Invoice,5/28/2020,INV19221,Installation on Clear wall,15,$335.00,"$5,025.00",NV,Echo Loder Elementary School
,Invoice,5/28/2020,INV19221,Washoe County SD Lead Procedures per classroom,15,$150.00,"$2,250.00",NV,Echo Loder Elementary School
,Invoice,12/21/2020,INV19610,"ActivPanel Nickel 75"" - 1 x Pen, Vesa Mount, WIFI Module & cable pack included. ActivInspire Professional Edition available FOC",1,"$3,525.00","$3,525.00",NV,Edward C Reed High School
,Invoice,12/29/2020,INV19620,Assembly of stand and mounting ActivPanel.,1,$335.00,$335.00,NV,Edward C Reed High School
,Invoice,2/6/2020,INV19044,BoxLight Cambridge WX36N WXGA standard-throw. 3600 lumens,1,$699.00,$699.00,NV,Edward C Reed High School
,Invoice,2/6/2020,INV19044,"Installation of ceiling mounted projector with 1 each 15ft HDMI, VGA cables. Power for projector done by others.",1,$700.00,$700.00,NV,Edward C Reed High School
,Invoice,12/21/2020,INV19610,Promethean Fixed height mobile stand for use with ActivPanel,1,$499.00,$499.00,NV,Edward C Reed High School
,Invoice,2/6/2020,INV19044,Washoe County SD lead / Asb procedures,1,$0.00,$0.00,NV,Edward C Reed High School
,Invoice,2/10/2020,INV19056,ActivConnect OPS - AP PC for Android.,1,$189.00,$189.00,NV,Edward Pine Middle School
,Invoice,2/10/2020,INV19056,"ActivPanel Mobile Stand - For use with current & previous versions of ActivPanel *   *only stand compatible with 65"" panel.",1,$503.00,$503.00,NV,Edward Pine Middle School
,Invoice,2/10/2020,INV19056,"ActivPanel Nickel 75"" - 1 x Pen, Vesa Mount, WIFI Module & cable pack included. ActivInspire Professional Edition available FOC",1,"$3,525.00","$3,525.00",NV,Edward Pine Middle School
,Invoice,2/20/2020,INV19072,Assembly of Stand and mounting the ActivPanel,1,$335.00,$335.00,NV,Edward Pine Middle School
,Invoice,6/8/2020,INV19235,Installation of Promethean Activboard on clear wall.,4,$300.00,"$1,200.00",NV,Edward Pine Middle School
,Invoice,5/7/2020,INV19197,"Promethean ActivBoard 10Touch Range 78"" Dry Erase electronic interactive whiteboard.",4,"$1,000.00","$4,000.00",NV,Edward Pine Middle School
,Invoice,6/8/2020,INV19235,Washoe County SD Lead/ASB procedures,4,$200.00,$800.00,NV,Edward Pine Middle School
,Invoice,3/31/2020,INV19141,ActivConnect OPS - AP PC for Android.,2,$189.00,$378.00,NV,Edward W Van Gorder Elem Sch
,Invoice,3/31/2020,INV19141,"ActivPanel Mobile Stand - For use with current & previous versions of ActivPanel *   *only stand compatible with 65"" panel.",2,$503.00,"$1,006.00",NV,Edward W Van Gorder Elem Sch
,Invoice,3/31/2020,INV19141,"ActivPanel Nickel 75"" - 1 x Pen, Vesa Mount, WIFI Module & cable pack included. ActivInspire Professional Edition available FOC",2,"$3,525.00","$7,050.00",NV,Edward W Van Gorder Elem Sch
,Invoice,5/5/2020,INV19192,Assembly of stand and panel,2,$335.00,$670.00,NV,Edward W Van Gorder Elem Sch
,Invoice,5/5/2020,INV19192,Installation of 10Touch on clear wall,2,$335.00,$670.00,NV,Edward W Van Gorder Elem Sch
,Invoice,1/2/2020,INV18981,Installation of Activboard & boom/projector on clear wall,8,$335.00,"$2,680.00",NV,Edward W Van Gorder Elem Sch
,Invoice,5/5/2020,INV19193,Installation On Clear wall.,2,$335.00,$670.00,NV,Edward W Van Gorder Elem Sch
,Invoice,3/6/2020,INV19093,"Mount Upgrade Kit with DLP ultra short-throw. Wallbox not included. For use with both current and previous versons of 64""/78""/87""/88""/95"" ActivBoards & ActivWall 88""",2,"$1,279.00","$2,558.00",NV,Edward W Van Gorder Elem Sch
,Invoice,3/31/2020,INV19141,"Mount Upgrade Kit with DLP ultra short-throw. Wallbox not included. For use with both current and previous versons of 64""/78""/87""/88""/95"" ActivBoards & ActivWall 88""",2,"$1,279.00","$2,558.00",NV,Edward W Van Gorder Elem Sch
,Invoice,3/6/2020,INV19093,"Promethean ActivBoard 10Touch Range 78"" Dry Erase electronic interactive whiteboard.",2,"$1,000.00","$2,000.00",NV,Edward W Van Gorder Elem Sch
,Invoice,3/31/2020,INV19141,"Promethean ActivBoard 10Touch Range 78"" Dry Erase electronic interactive whiteboard.",2,"$1,000.00","$2,000.00",NV,Edward W Van Gorder Elem Sch
,Invoice,5/5/2020,INV19192,Washoe County Lead/ ASB procedures,2,$150.00,$300.00,NV,Edward W Van Gorder Elem Sch
,Invoice,1/2/2020,INV18981,Washoe County SD Lead/Asb procedures,8,$150.00,"$1,200.00",NV,Edward W Van Gorder Elem Sch
,Invoice,5/5/2020,INV19193,Washoe County SD Lead/Asb procedures,2,$150.00,$300.00,NV,Edward W Van Gorder Elem Sch
,Invoice,3/31/2020,INV19139,ActivConnect OPS - AP PC for Android.,2,$189.00,$378.00,NV,Edwin Dodson Elementary School
,Invoice,3/31/2020,INV19139,"ActivPanel Mobile Stand - For use with current & previous versions of ActivPanel *   *only stand compatible with 65"" panel.",1,$503.00,$503.00,NV,Edwin Dodson Elementary School
,Invoice,3/31/2020,INV19139,"ActivPanel Nickel 75"" - 1 x Pen, Vesa Mount, WIFI Module & cable pack included. ActivInspire Professional Edition available FOC",2,"$3,525.00","$7,050.00",NV,Edwin Dodson Elementary School
,Invoice,5/5/2020,INV19194,Installation Of ActivPanel on clear wall. Assembly of stand with ActivPanel,2,$335.00,$670.00,NV,Edwin Dodson Elementary School
,Invoice,5/5/2020,INV19194,Washoe County SD Lead/ABS procedures,1,$150.00,$150.00,NV,Edwin Dodson Elementary School
,Invoice,3/16/2020,INV19109,ActivConnect OPS - AP PC for Android.,1,$189.00,$189.00,NV,Esther Bennett Elem School
,Invoice,3/16/2020,INV19109,"ActivPanel Mobile Stand - For use with current & previous versions of ActivPanel *   *only stand compatible with 65"" panel.",2,$503.00,"$1,006.00",NV,Esther Bennett Elem School
,Invoice,3/16/2020,INV19109,"ActivPanel Nickel 75"" - 1 x Pen, Vesa Mount, WIFI Module & cable pack included. ActivInspire Professional Edition available FOC",2,"$3,525.00","$7,050.00",NV,Esther Bennett Elem School
,Invoice,4/9/2020,INV19154,Assembly of stand with Activpanel,2,$335.00,$670.00,NV,Esther Bennett Elem School
,Invoice,2/12/2020,INV19060,"ActivPanel Mobile Stand - For use with current & previous versions of ActivPanel *   *only stand compatible with 65"" panel.",1,$599.00,$599.00,NV,First Presbyterian Church - Carson City
,Invoice,9/8/2020,INV19392,"ActivPanel Mobile Stand - For use with current & previous versions of ActivPanel *   *only stand compatible with 65"" panel.",1,$599.00,$599.00,NV,First Presbyterian Church - Carson City
,Invoice,2/12/2020,INV19060,"ActivPanel Nickel 65"" - 1 x Pen, Vesa Mount, WIFI Module & cable pack included. ActivInspire Professional Edition available FOC",1,"$2,099.00","$2,099.00",NV,First Presbyterian Church - Carson City
,Invoice,9/8/2020,INV19392,"ActivPanel Nickel 65"" - 1 x Pen, Vesa Mount, WIFI Module & cable pack included. ActivInspire Professional Edition available FOC",1,"$2,099.00","$2,099.00",NV,First Presbyterian Church - Carson City
,Invoice,4/9/2020,INV19156,ActivConnect OPS - AP PC for Android.,1,$189.00,$189.00,NV,Florence Drake Elementary School
,Invoice,4/9/2020,INV19156,"ActivPanel Mobile Stand - For use with current & previous versions of ActivPanel *   *only stand compatible with 65"" panel.",1,$503.00,$503.00,NV,Florence Drake Elementary School
,Invoice,4/9/2020,INV19156,"ActivPanel Nickel 65"" - 1 x Pen, Vesa Mount, WIFI Module & cable pack included. ActivInspire Professional Edition available FOC",1,"$1,860.00","$1,860.00",NV,Florence Drake Elementary School
,Invoice,1/20/2020,INV18995,Assembly of ActivPanel Moble stand and ActivPanel,1,$335.00,$335.00,NV,Florence Drake Elementary School
,Invoice,5/4/2020,INV19188,Installation,1,$335.00,$335.00,NV,Florence Drake Elementary School
,Invoice,1/15/2020,INV18988,Vivitek DW884ST Projector,2,$685.10,"$1,370.20",NV,George L. Dilworth Middle School
,Invoice,10/7/2020,INV19487,Move ActivBoard with projector to other wall in room K-4. Does not include patching wall or paint.,1,$535.00,$535.00,NV,George Westergard Elementary School
,Invoice,10/7/2020,INV19487,Washoe County SD Lead/Asb procedures,1,$150.00,$150.00,NV,George Westergard Elementary School
,Invoice,3/3/2020,INV19091,ActivConnect OPS - AP PC for Android.,1,$189.00,$189.00,NV,Glenn Duncan Elementary School
,Invoice,3/3/2020,INV19091,"ActivPanel Mobile Stand - For use with current & previous versions of ActivPanel *   *only stand compatible with 65"" panel.",1,$503.00,$503.00,NV,Glenn Duncan Elementary School
,Invoice,3/3/2020,INV19091,"ActivPanel Nickel 75"" - 1 x Pen, Vesa Mount, WIFI Module & cable pack included. ActivInspire Professional Edition available FOC",1,"$3,525.00","$3,525.00",NV,Glenn Duncan Elementary School
,Invoice,5/27/2020,INV19219,ActivConnect OPS - AP PC for Android.  **WCSD Bulk Pricing 100+ units** DIGITALEDGE CONTRACT #ESD112-DE-16A  .,72,$199.00,"$14,328.00",NV,Herz Middle School
,Invoice,5/27/2020,INV19219,"ActivPanel Titanium 75"" - 4 x Pen, Vesa Mount, WIFI Module & cable pack included. ActivInspire Professional Edition available FOC",72,"$4,065.00","$292,680.00",NV,Herz Middle School
,Invoice,5/27/2020,INV19219,Airtame 2 Wireless Connection,148,$347.36,"$51,409.28",NV,Herz Middle School
,Invoice,6/30/2020,INV19273,"Installation and Assembly of  Wbox TV on Omni Cart. ACT to Assemble Cart, Install VESA Mount and TV to Cart. Install AirTame into HDMI 2, and Power Strip. Deliver to School and designated Classroom. Test with Tech Laptop.   KCDA Contract 17-053, Interactive Technology Installation Services   .",29,$527.00,"$15,283.00",NV,Herz Middle School
,Invoice,8/6/2020,INV19338,"Installation and Assembly of  Wbox TV on Omni Cart. ACT to Assemble Cart, Install VESA Mount and TV to Cart. Install AirTame into HDMI 2, and Power Strip. Deliver to School and designated Classroom. Test with Tech Laptop.   KCDA Contract 17-053, Interactive Technology Installation Services   .",29,$527.00,"$15,283.00",NV,Herz Middle School
,Invoice,6/30/2020,INV19273,"Installation and Assembly of Promethean Panel on Copernicus IRover Cart. ACT to Assemble Cart, Install VESA Mount and Panel to Cart. Install Promethean Android OPS. AirTame into HDMI 2, and Power Strip. Deliver to School and designated Classroom. Test with Tech Laptop.   KCDA Contract 17-053, Interactive Technology Installation Services   .",36,$527.00,"$18,972.00",NV,Herz Middle School
,Invoice,8/6/2020,INV19338,"Installation and Assembly of Promethean Panel on Copernicus IRover Cart. ACT to Assemble Cart, Install VESA Mount and Panel to Cart. Install Promethean Android OPS. AirTame into HDMI 2, and Power Strip. Deliver to School and designated Classroom. Test with Tech Laptop.   KCDA Contract 17-053, Interactive Technology Installation Services   .",36,$527.00,"$18,972.00",NV,Herz Middle School
,Invoice,6/30/2020,INV19273,"Installation of Wbox 49"" TV on Tilt Wall Mount: ACT will deliver panel to site and install TV, Wall Mount and AirTame.   KCDA Contract 17-053, Interactive Technology Installation Services   .",9,$400.00,"$3,600.00",NV,Herz Middle School
,Invoice,8/6/2020,INV19338,"Installation of Wbox 49"" TV on Tilt Wall Mount: ACT will deliver panel to site and install TV, Wall Mount and AirTame.   KCDA Contract 17-053, Interactive Technology Installation Services   .",9,$400.00,"$3,600.00",NV,Herz Middle School
,Invoice,5/27/2020,INV19219,iRover2 mobile cart for Interactive Flat Panels for use with Promethean ActivPanel  **Includes 6 plug 25' power strip** **WCSD Bulk Pricing 100+ units** DIGITALEDGE CONTRACT #ESD112-DE-16A  .,72,"$1,134.64","$81,694.08",NV,Herz Middle School
,Invoice,5/27/2020,INV19219,OmniMount Flat Panel Mobile Cart,58,$530.85,"$30,789.30",NV,Herz Middle School
,Invoice,5/27/2020,INV19215,PadCaster Studio - compatible with iPad Air 10.5 Includes: Padcaster Case; Unidirectional Microphone Kit; Stick Microphone Kit; Lavalier Microphone Kit; Dual Microphone/Headphone Splitter; Multi-function Wide Angle/Macro Lens Telephoto Lens; Fluid Head; Tripod/Monopod; Tripod Dolly Wheels; LED Light; 5’x7’ portable Green Screen with carry case and stand; Parrot Teleprompter with bluetooth; Remote Control and Cleaning Kit; Light-blocking Supershade; Padded Camera Backpack,2,"$1,599.00","$3,198.00",NV,Herz Middle School
,Invoice,5/27/2020,INV19219,"Wbox Tech 50""4K UHD TV - 3 HDMI, 2 USB, TOSLINK",76,$466.95,"$35,488.20",NV,Herz Middle School
,Invoice,5/28/2020,INV19220,PRM-32-35 replacement lamp,2,$112.00,$224.00,NV,Hidden Valley Elementary School
,Invoice,5/28/2020,INV19220,Promethean DLP Remote Remote control for DLP Projectors,1,$40.00,$40.00,NV,Hidden Valley Elementary School
,Invoice,2/27/2020,INV19076,Installation on clear wall,1,$335.00,$335.00,NV,Incline Elementary School
,Invoice,6/8/2020,INV19234,Installation on Clear wall. Does not include any hardware for reinstallation of unit taken down by others,2,$335.00,$670.00,NV,Incline Elementary School
,Invoice,2/10/2020,INV19055,"Mount Upgrade Kit with DLP ultra short-throw. Wallbox not included. For use with both current and previous versons of 64""/78""/87""/88""/95"" ActivBoards & ActivWall 88""",1,"$1,279.00","$1,279.00",NV,Incline Elementary School
,Invoice,3/31/2020,INV19142,"Mount Upgrade Kit with DLP ultra short-throw. Wallbox not included. For use with both current and previous versons of 64""/78""/87""/88""/95"" ActivBoards & ActivWall 88""",1,"$1,279.00","$1,279.00",NV,Incline Elementary School
,Invoice,2/10/2020,INV19055,"Promethean ActivBoard 10Touch Range 78"" Dry Erase electronic interactive whiteboard.",1,"$1,000.00","$1,000.00",NV,Incline Elementary School
,Invoice,3/31/2020,INV19142,"Promethean ActivBoard 10Touch Range 78"" Dry Erase electronic interactive whiteboard.",1,"$1,000.00","$1,000.00",NV,Incline Elementary School
,Invoice,6/8/2020,INV19234,Reduced cost per unit to 150.00 Washoe County SD lead/Asb procedures,2,$150.00,$300.00,NV,Incline Elementary School
,Invoice,2/27/2020,INV19076,Washoe County SD Lead procedures,1,$150.00,$150.00,NV,Incline Elementary School
,Invoice,11/16/2020,INV19566,ActivConnect OPS - AP PC for Android.,1,$189.00,$189.00,NV,Incline High School
,Invoice,11/16/2020,INV19566,"ActivPanel Nickel 75"" - 1 x Pen, Vesa Mount, WIFI Module & cable pack included. ActivInspire Professional Edition available FOC",1,"$3,525.00","$3,525.00",NV,Incline High School
,Invoice,12/7/2020,INV19594,Assembly of stand and ActivPanel,1,$335.00,$335.00,NV,Incline High School
,Invoice,11/16/2020,INV19566,Promethean Fixed height mobile stand for use with ActivPanel,1,$499.00,$499.00,NV,Incline High School
,Invoice,6/23/2020,INV19258,"ActivPanel Nickel 65"" - 1 x Pen, Vesa Mount, WIFI Module & cable pack included. ActivInspire Professional Edition available FOC",8,"$2,099.00","$16,792.00",NV,Journey Education
,Invoice,8/25/2020,INV19372,Promethean Professional Development - Virtual Training,1,$0.00,$0.00,NV,Journey Education
,Invoice,8/12/2020,INV19346,Training was changed to virtual and price reduced to 500.00  Promethean Academy - 1-Day Prof Development On-Site Training,1,$500.00,$500.00,NV,Journey Education
,Invoice,3/16/2020,INV19108,ActivConnect OPS - AP PC for Android.,5,$189.00,$945.00,NV,Lois Allen Elementary School
,Invoice,3/16/2020,INV19108,"ActivPanel Mobile Stand - For use with current & previous versions of ActivPanel *   *only stand compatible with 65"" panel.",5,$503.00,"$2,515.00",NV,Lois Allen Elementary School
,Invoice,3/16/2020,INV19108,"ActivPanel Nickel 75"" - 1 x Pen, Vesa Mount, WIFI Module & cable pack included. ActivInspire Professional Edition available FOC",5,"$3,525.00","$17,625.00",NV,Lois Allen Elementary School
,Invoice,4/9/2020,INV19155,Assembly of stand with ActivPanel,5,$335.00,"$1,675.00",NV,Lois Allen Elementary School
,Invoice,2/5/2020,INV19030,Vivitek DW884ST Projector,8,$685.10,"$5,480.80",NV,Lou Mendive Middle School
,Invoice,9/2/2020,INV19388,ActivConnect OPS - AP PC for Android.,9,$189.00,"$1,701.00",NV,Mariposa Acad-Language & Lrng
,Invoice,9/2/2020,INV19388,"ActivPanel Nickel 65"" - 1 x Pen, Vesa Mount, WIFI Module & cable pack included. ActivInspire Professional Edition available FOC",9,"$1,860.00","$16,740.00",NV,Mariposa Acad-Language & Lrng
,Invoice,9/2/2020,INV19388,Installation of ActivPanel on clear wall in classroom,9,$385.00,"$3,465.00",NV,Mariposa Acad-Language & Lrng
,Invoice,9/30/2020,INV19468,ActivConnect OPS - AP PC for Android.  **WCSD Bulk Pricing 100+ units** DIGITALEDGE CONTRACT #ESD112-DE-16A  .,33,$189.00,"$6,237.00",NV,Mike Inskeep Elementary
,Invoice,9/30/2020,INV19468,"ActivPanel Titanium 75"" - 4 x Pen, Vesa Mount, WIFI Module & cable pack included. ActivInspire Professional Edition available FOC",33,"$4,065.00","$134,145.00",NV,Mike Inskeep Elementary
,Invoice,9/30/2020,INV19468,Airtame 2 Wireless Connection,73,$347.36,"$25,357.28",NV,Mike Inskeep Elementary
,Invoice,10/28/2020,INV19539,iRover2 mobile cart for Interactive Flat Panels for use with Promethean ActivPanel  **Includes 6 plug 25' power strip** **WCSD Bulk Pricing 100+ units** DIGITALEDGE CONTRACT #ESD112-DE-16A  .,33,"$1,214.07","$40,064.31",NV,Mike Inskeep Elementary
,Invoice,10/28/2020,INV19539,"Samsung 50"" BET Series TV",40,$466.95,"$18,678.00",NV,Mike Inskeep Elementary
,Invoice,9/30/2020,INV19468,"Tripp Lite Height-adjustable mobile TV stand hangs a flat- or curved-panel television or monitor and peripherals, such as a Blu-ray player, laptop and webcam. Fits most flat or curved panel displays from 32 to 70 in. Designed for portrait or landscape mounting.   **Includes 6 plug 25' power strip** DIGITALEDGE CONTRACT #ESD112-DE-16A",30,$530.85,"$15,925.50",NV,Mike Inskeep Elementary
,Invoice,7/7/2020,INV19287,"ActivPanel Mobile Stand - For use with current & previous versions of ActivPanel *   *only stand compatible with 65"" panel.",1,$503.00,$503.00,NV,Mountain View Montessori
,Invoice,7/7/2020,INV19287,"ActivPanel Titanium 70"" - 4 x Pen, Vesa Mount, WIFI Module & cable pack included. ActivInspire Professional Edition available FOC",1,"$3,360.00","$3,360.00",NV,Mountain View Montessori
,Invoice,6/15/2020,INV19247,ActivConnect OPS - AP PC for Android.,4,$189.00,$756.00,NV,Nick Poulakidas Elementary School
,Invoice,6/15/2020,INV19247,"ActivPanel Nickel 75"" - 1 x Pen, Vesa Mount, WIFI Module & cable pack included. ActivInspire Professional Edition available FOC",4,"$3,525.00","$14,100.00",NV,Nick Poulakidas Elementary School
,Invoice,9/30/2020,INV19469,Add-on Installation of HDMI cables at 125.00 per 4,4,$125.00,$500.00,NV,Nick Poulakidas Elementary School
,Invoice,6/15/2020,INV19247,Airtame 2 Wireless Connection,8,$440.00,"$3,520.00",NV,Nick Poulakidas Elementary School
,Invoice,7/23/2020,INV19311,"Installation Of ActivPanel Nickel 75"" on clear wall. If backer board is needed this to be done by District. Assembly of OmmiMount with Wbox 50"" TV   This is Non prevailing wage.",4,$525.00,"$2,100.00",NV,Nick Poulakidas Elementary School
,Invoice,6/15/2020,INV19247,OmniMount Flat Panel Mobile Cart,4,$599.00,"$2,396.00",NV,Nick Poulakidas Elementary School
,Invoice,7/23/2020,INV19311,Washoe County SD Lead/ Asb procedures. per classroom,1,$200.00,$200.00,NV,Nick Poulakidas Elementary School
,Invoice,6/15/2020,INV19247,"Wbox Tech 50"" LED 4K TV. High-quality LED TV with LED backlight panel. ATSC Digital tuner. Inputs ports include VGA, HDMI (4), USB.",4,$380.00,"$1,520.00",NV,Nick Poulakidas Elementary School
,Invoice,2/10/2020,INV19051,Installation of 10touch Activboard with Mount upgrade on clear wall in room 2000,1,$335.00,$335.00,NV,North Valleys High School
,Invoice,2/10/2020,INV19051,Washoe County SD Lead procedures,1,$150.00,$150.00,NV,North Valleys High School
,Invoice,9/21/2020,INV19427,ActivConnect OPS - AP PC for Android.,1,$189.00,$189.00,NV,O'Brien Middle School
,Invoice,9/21/2020,INV19427,"ActivPanel Titanium 75"" - 4 x Pen, Vesa Mount, WIFI Module & cable pack included. ActivInspire Professional Edition available FOC",1,"$4,065.00","$4,065.00",NV,O'Brien Middle School
,Invoice,9/21/2020,INV19427,Promethean Fixed height mobile stand for use with ActivPanel,1,$503.00,$503.00,NV,O'Brien Middle School
,Invoice,3/31/2020,INV19140,ActivConnect OPS - AP PC for Android.,3,$189.00,$567.00,NV,Peavine Elementary School
,Invoice,3/31/2020,INV19140,"ActivPanel Nickel 75"" - 1 x Pen, Vesa Mount, WIFI Module & cable pack included. ActivInspire Professional Edition available FOC",3,"$3,525.00","$10,575.00",NV,Peavine Elementary School
,Invoice,5/4/2020,INV19189,Installation on clear wall,3,$335.00,"$1,005.00",NV,Peavine Elementary School
,Invoice,5/4/2020,INV19189,Washoe County SD Lead procedures per room,3,$150.00,$450.00,NV,Peavine Elementary School
,Invoice,3/30/2020,INV19137,ActivConnect OPS - AP PC for Android.,6,$189.00,"$1,134.00",NV,Robert Mitchell Elementary School
,Invoice,3/31/2020,INV19143,ActivConnect OPS - AP PC for Android.,1,$189.00,$189.00,NV,Robert Mitchell Elementary School
,Invoice,3/30/2020,INV19137,"ActivPanel Mobile Stand - For use with current & previous versions of ActivPanel *   *only stand compatible with 65"" panel.",6,$503.00,"$3,018.00",NV,Robert Mitchell Elementary School
,Invoice,3/31/2020,INV19143,"ActivPanel Mobile Stand - For use with current & previous versions of ActivPanel *   *only stand compatible with 65"" panel.",1,$503.00,$503.00,NV,Robert Mitchell Elementary School
,Invoice,3/30/2020,INV19137,"ActivPanel Nickel 75"" - 1 x Pen, Vesa Mount, WIFI Module & cable pack included. ActivInspire Professional Edition available FOC",6,"$3,525.00","$21,150.00",NV,Robert Mitchell Elementary School
,Invoice,3/31/2020,INV19143,"ActivPanel Nickel 75"" - 1 x Pen, Vesa Mount, WIFI Module & cable pack included. ActivInspire Professional Edition available FOC",1,"$3,525.00","$3,525.00",NV,Robert Mitchell Elementary School
,Invoice,4/9/2020,INV19152,Assembly of stand and panel,1,$335.00,$335.00,NV,Robert Mitchell Elementary School
,Invoice,4/22/2020,INV19176,Assembly of stand with ActivPanel,6,$335.00,"$2,010.00",NV,Robert Mitchell Elementary School
,Invoice,8/31/2020,INV19383,Inspect and reset ActivBoards and Projectors. 4 hours,1,$95.00,$95.00,NV,Silver Stage Elementary School
,Invoice,3/4/2020,INV19096,ActivConnect OPS - AP PC for Android.,2,$189.00,$378.00,NV,Sky Ranch Middle School
,Invoice,3/4/2020,INV19096,"ActivPanel Nickel 75"" - 1 x Pen, Vesa Mount, WIFI Module & cable pack included. ActivInspire Professional Edition available FOC",2,"$3,525.00","$7,050.00",NV,Sky Ranch Middle School
,Invoice,8/6/2020,INV19339,Airtame 2 Wireless Connection,4,$440.00,"$1,760.00",NV,Sky Ranch Middle School
,Invoice,8/6/2020,INV19339,"Installation of ActivPanel 75"" Nickel on clear wall. If backer board needed to be done by District. Assembly of OmminMount with 50"" TV  This is Non prevailing wage.",2,$525.00,"$1,050.00",NV,Sky Ranch Middle School
,Invoice,8/6/2020,INV19339,Washoe County SD Lead/ Asb procedures per room,2,$200.00,$400.00,NV,Sky Ranch Middle School
,Invoice,3/4/2020,INV19096,"Wbox Tech 50""4K UHD TV - 3 HDMI, 2 USB, TOSLINK",2,$466.95,$933.90,NV,Sky Ranch Middle School
,Invoice,12/22/2020,INV19616,ActivConnect OPS - AP PC for Android.,1,$189.00,$189.00,NV,Sparks High School
,Invoice,12/22/2020,INV19616,"ActivPanel Nickel 75"" - 1 x Pen, Vesa Mount, WIFI Module & cable pack included. ActivInspire Professional Edition available FOC",1,"$3,525.00","$3,525.00",NV,Sparks High School
,Invoice,12/22/2020,INV19616,Installation,1,$435.00,$435.00,NV,Sparks High School
,Invoice,12/22/2020,INV19616,Washoe County SD Lead/ASB procedure,1,$200.00,$200.00,NV,Sparks High School
,Invoice,12/21/2020,INV19611,Move v-1 adjustable ActivBoard with projector from one wall in classroom to another wall in same classroom.  Labor only. No cabling.,1,$535.00,$535.00,NV,Sparks Middle School
,Invoice,12/21/2020,INV19611,Washoe County SD Lead/ASB procedures,1,$200.00,$200.00,NV,Sparks Middle School
,Invoice,3/16/2020,INV19106,"Mount Upgrade Kit with DLP ultra short-throw. Wallbox not included. For use with both current and previous versons of 64""/78""/87""/88""/95"" ActivBoards & ActivWall 88""",2,"$1,279.00","$2,558.00",NV,Sutro Elementary School
,Invoice,5/5/2020,INV19195,"Mount Upgrade Kit with DLP ultra short-throw. Wallbox not included. For use with both current and previous versons of 64""/78""/87""/88""/95"" ActivBoards & ActivWall 88""",3,"$1,279.00","$3,837.00",NV,Sutro Elementary School
,Invoice,3/16/2020,INV19106,"Promethean ActivBoard 10Touch Range 78"" Dry Erase electronic interactive whiteboard.",2,"$1,000.00","$2,000.00",NV,Sutro Elementary School
,Invoice,5/5/2020,INV19195,"Promethean ActivBoard 10Touch Range 78"" Dry Erase electronic interactive whiteboard.",3,"$1,000.00","$3,000.00",NV,Sutro Elementary School
,Invoice,4/20/2020,INV19163,Vivitek DW884ST Projector,2,$685.10,"$1,370.20",NV,Veterans Memorial Elementary School
,Invoice,3/30/2020,INV19136,ActivConnect OPS - AP PC for Android.,4,$189.00,$756.00,NV,Virginia Palmer Elem School
,Invoice,3/30/2020,INV19136,"ActivPanel Mobile Stand - For use with current & previous versions of ActivPanel *   *only stand compatible with 65"" panel.",4,$503.00,"$2,012.00",NV,Virginia Palmer Elem School
,Invoice,3/30/2020,INV19136,"ActivPanel Nickel 75"" - 1 x Pen, Vesa Mount, WIFI Module & cable pack included. ActivInspire Professional Edition available FOC",4,"$3,525.00","$14,100.00",NV,Virginia Palmer Elem School
,Invoice,4/9/2020,INV19153,Assembly of Stand with ActivPanel,4,$335.00,"$1,340.00",NV,Virginia Palmer Elem School
,Invoice,5/4/2020,INV19190,"Installation Of 10Touch 78"" Activboard with boom/projector on Clear wall.",17,$335.00,"$5,695.00",NV,Virginia Palmer Elem School
,Invoice,3/9/2020,INV19104,"Mount Upgrade Kit with DLP ultra short-throw. Wallbox not included. For use with both current and previous versons of 64""/78""/87""/88""/95"" ActivBoards & ActivWall 88""",17,"$1,279.00","$21,743.00",NV,Virginia Palmer Elem School
,Invoice,3/9/2020,INV19104,"Promethean ActivBoard 10Touch Range 78"" Dry Erase electronic interactive whiteboard.",17,"$1,000.00","$17,000.00",NV,Virginia Palmer Elem School
,Invoice,5/4/2020,INV19190,Washoe County SD Lead/ASB procedures,17,$150.00,"$2,550.00",NV,Virginia Palmer Elem School
,Invoice,1/21/2020,INV19002,PRM-32-35 replacement lamp,10,$112.00,"$1,120.00",NV,Washoe County School District
,Invoice,2/10/2020,INV19053,PRM-32-35 replacement lamp,12,$112.00,"$1,344.00",NV,Washoe County School District
,Invoice,3/16/2020,INV19107,PRM-32-35 replacement lamp,10,$112.00,"$1,120.00",NV,Washoe County School District
,Invoice,4/28/2020,INV19182,PRM-32-35 replacement lamp,8,$112.00,$896.00,NV,Washoe County School District
,Invoice,9/8/2020,INV19395,PRM-32-35 replacement lamp,10,$112.00,"$1,120.00",NV,Washoe County School District
,Invoice,1/21/2020,INV19002,Promethean PRM-45 replacement lamp. Also for PRM-45A projector.,10,$112.00,"$1,120.00",NV,Washoe County School District
,Invoice,2/10/2020,INV19053,Promethean PRM-45 replacement lamp. Also for PRM-45A projector.,5,$112.00,$560.00,NV,Washoe County School District
,Invoice,3/16/2020,INV19107,Promethean PRM-45 replacement lamp. Also for PRM-45A projector.,10,$112.00,"$1,120.00",NV,Washoe County School District
,Invoice,4/28/2020,INV19182,Promethean PRM-45 replacement lamp. Also for PRM-45A projector.,12,$112.00,"$1,344.00",NV,Washoe County School District
,Invoice,9/8/2020,INV19395,Promethean PRM-45 replacement lamp. Also for PRM-45A projector.,10,$112.00,"$1,120.00",NV,Washoe County School District
,Invoice,2/17/2020,INV19064,ActivConnect OPS - AP PC for Android.,3,$189.00,$567.00,NV,Washoe County Schools
,Invoice,2/17/2020,INV19064,"ActivPanel Mobile Stand - For use with current & previous versions of ActivPanel *   *only stand compatible with 65"" panel.",3,$503.00,"$1,509.00",NV,Washoe County Schools
,Invoice,2/17/2020,INV19064,"ActivPanel Nickel 75"" - 1 x Pen, Vesa Mount, WIFI Module & cable pack included. ActivInspire Professional Edition available FOC",3,"$3,525.00","$10,575.00",NV,Washoe County Schools
,Invoice,2/20/2020,INV19071,Assembly of stand and mounting ActivPanel,3,$335.00,"$1,005.00",NV,Washoe County Schools
,Invoice,3/25/2020,INV19130,"BoxLight Procolor 75"" Interactive Flat Panel Ultra High Def 4k resolution with Android. UNPLUGD is included.",2,"$3,000.00","$6,000.00",NV,Yerington Elementary School
,Invoice,6/5/2020,INV19231,"BoxLight Procolor 75"" Interactive Flat Panel Ultra High Def 4k resolution with Android. UNPLUGD is included.",4,"$3,000.00","$12,000.00",NV,Yerington Elementary School
,,,,,,,,,
,,,,,,,,,
,Invoice,3/9/2020,INV19102,***Optional*** ActivConnect OPS - AP PC for Android.  **ACT Special One unit Pricing for this product** .,1,$104.50,$104.50,OR,Ashland Public Schools - District 5
,Invoice,3/9/2020,INV19102,ActivPanel Mobile Stand - For use with current & previous versions of ActivPanel   **ACT Special One unit Pricing for this product** .,1,$392.70,$392.70,OR,Ashland Public Schools - District 5
,Invoice,9/28/2020,INV19458,"ActivPanel Nickel 75"" - 1 x Pen, Vesa Mount, WIFI Module & cable pack included. ActivInspire Professional Edition available FOC  **Price includes Lift Gate Service with Inside Delivery to 1st Floor Location**  **OETC Reference Pricing $3984 - per contract OETC-19I-InteractiveDisplays**",23,"$2,779.00","$63,917.00",OR,Ashland Public Schools - District 5
,Invoice,3/9/2020,INV19102,"ActivPanel Titanium 75"" - 4 x Pen, Vesa Mount, WIFI Module & cable pack included. ActivInspire Professional Edition available FOC  **ACT Special One unit Pricing for this product** .",1,"$2,480.00","$2,480.00",OR,Ashland Public Schools - District 5
,Invoice,9/28/2020,INV19458,Promethean Fixed height mobile stand for use with ActivPanel  **Price includes Lift Gate Service with Inside Delivery to 1st Floor Location**  **OETC Reference Pricing $584 - per contract OETC-19I-InteractiveDisplays**,23,$560.97,"$12,902.31",OR,Ashland Public Schools - District 5
,Invoice,8/24/2020,INV19368,Hand Sanitizer Dispenser with Drip Tray (batteries not included),13,$86.84,"$1,128.92",OR,Baker School District 5J
,Invoice,8/24/2020,INV19368,Hand Sanitizer Stand (dispenser sold separately),8,$89.00,$712.00,OR,Baker School District 5J
,Invoice,6/24/2020,INV19261,iRover²™ for Interactive Flat Panels 500,1,"$1,162.50","$1,162.50",OR,Baker School District 5J
,Invoice,6/24/2020,INV19261,iRover²™ for Interactive Flat Panels 500  *Liftoff Program*,3,$893.00,"$2,679.00",OR,Baker School District 5J
,Invoice,7/7/2020,INV19282,"HoverCam Solo SPARK - Compatible with many Chromebooks, PC, Mac, 8 MP, USB 3.0, 1080p, 30 fps",10,$189.05,"$1,890.50",OR,Belt School District 26
,Invoice,6/15/2020,INV19246,HoverCam Solo 8+,2,$344.55,$689.10,OR,Chinook Public Schools
,Invoice,1/6/2020,INV18983,"ADMIN Buiding: ESC - 33300 8TH AVE Ave S, Federal Way, WA  98003    Fixed Height Panel/TV/IWB install with Cable Sock  OETC FWPS Pricing",5,$686.76,"$3,433.80",OR,Federal Way Public Schools
,Invoice,1/6/2020,INV18983,"Decatur HS - 2800 SW 320th St, Federal Way, WA 98023  Remove Panel from wall and perform  Mobile Cart Panel Assembly and Installation with Cable Sock  OETC FWPS Pricing",1,$851.66,$851.66,OR,Federal Way Public Schools
,Invoice,1/6/2020,INV18983,"Todd Beamer: Todd Beamer HS - 35999 16th Ave S, Federal Way, WA  98003    Relocation from P4 to RM 255  OETC FWPS Pricing",1,$339.50,$339.50,OR,Federal Way Public Schools
,Invoice,1/6/2020,INV18983,"Todd Beamer: Todd Beamer HS - 35999 16th Ave S, Federal Way, WA  98003   RE-Adjust Height in RM 145  OETC FWPS Pricing",1,$139.44,$139.44,OR,Federal Way Public Schools
,Invoice,1/6/2020,INV18983,"Travel from Todd Beamer to Decatur HS - 2800 SW 320th St, Federal Way, WA  98023  OETC FWPS Pricing",1,$82.45,$82.45,OR,Federal Way Public Schools
,Invoice,3/9/2020,INV19099,HoverCam Solo 8+,4,$349.00,"$1,396.00",OR,Glendale School District 77
,Invoice,2/10/2020,INV19052,HoverCam Solo 8+,1,$331.55,$331.55,OR,Grants Pass School District 7
,Invoice,10/14/2020,INV19514,HoverCam Solo 8+,4,$344.55,"$1,378.20",OR,Grants Pass School District 7
,Invoice,11/17/2020,INV19567,HoverCam Solo 8+,3,$344.55,"$1,033.65",OR,Grants Pass School District 7
,Invoice,10/13/2020,INV19509,"HoverCam Solo 8 SPARK - Compatible with many Chromebooks, PC, Mac, 8 MP, USB 3.0, 1080p, 30 fps",1,$202.05,$202.05,OR,High Desert Education Service District
,Invoice,10/13/2020,INV19509,HoverCam Solo 8+,1,$344.55,$344.55,OR,High Desert Education Service District
,Invoice,8/25/2020,INV19371,"SMART 75"" Interactive Flat Panel 7000R Series with iQ and SMART Learning Suite.",18,"$4,688.60","$84,394.80",OR,Lake Grove Elementary School
,Invoice,8/25/2020,INV19371,SMART Board MX075-V2 Interactive display with IQ and SMART Learning suite. Comes with a mount,15,"$3,224.89","$48,373.35",OR,Lake Grove Elementary School
,Invoice,8/25/2020,INV19371,SMART Board MX086-V2 interactive display with iQ and SMART Learning Suite,1,"$4,761.49","$4,761.49",OR,Lake Grove Elementary School
,Invoice,3/9/2020,INV19100,"BoxLight Procolor 75"" Interactive Flat Panel Ultra High Def 4k resolution with Android. UNPLUGD is included.",1,"$3,599.00","$3,599.00",OR,Marcola School District 79J
,Invoice,3/24/2020,INV19128,Boxlight Procolor Integrated module to add 2.4/5GHz wireless and Bluetooth to xx2 series panels,1,$79.00,$79.00,OR,Marcola School District 79J
,Invoice,12/3/2020,INV19590,"Mobile Stand for Procolor panels, requires separate purchase of PROCOLOR-WALLMOUNT-003 if not purchased with a PROCOLOR PANEL",2,$470.00,$940.00,OR,Marcola School District 79J
,Invoice,12/29/2020,INV19624,"Mobile Stand for Procolor panels, requires separate purchase of PROCOLOR-WALLMOUNT-003 if not purchased with a PROCOLOR PANEL",1,$470.00,$470.00,OR,Marcola School District 79J
,Invoice,12/3/2020,INV19590,"PROCOLOR 75"" IR UHD/4K ANDROID IFP | Includes WIFI and WALLMOUNT in Panel Box. Includes MimioStudio (with 5 Years of MimioMobile), Qwizdom Oktopus, Qwizdom GameZones, Oktopus Blend, and MimioConnect (1-Year Premium/2 Years Basic), and Online Training",2,"$2,580.00","$5,160.00",OR,Marcola School District 79J
,Invoice,12/29/2020,INV19624,"PROCOLOR 75"" IR UHD/4K ANDROID IFP | Includes WIFI and WALLMOUNT in Panel Box. Includes MimioStudio (with 5 Years of MimioMobile), Qwizdom Oktopus, Qwizdom GameZones, Oktopus Blend, and MimioConnect (1-Year Premium/2 Years Basic), and Online Training",1,"$2,580.00","$2,580.00",OR,Marcola School District 79J
,Invoice,3/9/2020,INV19100,TRUTOUCH Mobile Stand,1,$499.00,$499.00,OR,Marcola School District 79J
,Invoice,9/29/2020,INV19453,"SMART 75"" Interactive Flat Panel 7000R Series with iQ and SMART Learning Suite.",18,"$4,594.83","$82,706.94",OR,Mirror Lake Elementary School
,Invoice,9/29/2020,INV19453,SMART Board MX075-V2 Interactive display with IQ and SMART Learning suite. Comes with a mount,15,"$3,160.39","$47,405.85",OR,Mirror Lake Elementary School
,Invoice,9/29/2020,INV19453,SMART Board MX086-V2 interactive display with iQ and SMART Learning Suite,1,"$4,666.26","$4,666.26",OR,Mirror Lake Elementary School
,Invoice,10/1/2020,INV19480,"HoverCam Solo 8 SPARK - Compatible with many Chromebooks, PC, Mac, 8 MP, USB 3.0, 1080p, 30 fps",20,$202.05,"$4,041.00",OR,Myrtle Point School District 41
,Invoice,10/5/2020,INV19482,"HoverCam Solo 8 SPARK - Compatible with many Chromebooks, PC, Mac, 8 MP, USB 3.0, 1080p, 30 fps",1,$202.05,$202.05,OR,Myrtle Point School District 41
,Invoice,6/30/2020,INV19268,"HoverCam Solo SPARK - Compatible with many Chromebooks, PC, Mac, 8 MP, USB 3.0, 1080p, 30 fps",10,$202.05,"$2,020.50",OR,Myrtle Point School District 41
,Invoice,8/11/2020,INV19345,"HoverCam Solo SPARK - Compatible with many Chromebooks, PC, Mac, 8 MP, USB 3.0, 1080p, 30 fps",2,$202.05,$404.10,OR,Myrtle Point School District 41
,Invoice,10/14/2020,INV19512,HoverCam Solo 8+,10,$344.55,"$3,445.50",OR,North Bend School District 13
,Invoice,1/18/2020,INV18993,HoverCam Solo 8+,1,$328.37,$328.37,OR,North Douglas School District 22
,Invoice,1/22/2020,INV19006,HoverCam Solo 8+,1,$328.37,$328.37,OR,North Douglas School District 22
,Invoice,10/20/2020,INV19521,"HoverCam Ultra 8 Document Camera HDMI, VGA, SuperSpeed USB 3.0 Connectors",1,$439.55,$439.55,OR,Saint Mary Catholic School
,Invoice,2/5/2020,INV19036,SMART Board MX065-V2 interactive display with iQ and SMART Learning Suite,1,"$2,812.03","$2,812.03",OR,Shoreline Christian School
,Invoice,7/9/2020,INV19291,"ActivPanel Titanium 75"" - 4 x Pen, Vesa Mount, WIFI Module & cable pack included. ActivInspire Professional Edition available FOC",2,"$3,315.00","$6,630.00",OR,South Wasco County School District 1
,Invoice,11/10/2020,INV19553,"ActivPanel Titanium 75"" - 4 x Pen, Vesa Mount, WIFI Module & cable pack included. ActivInspire Professional Edition available FOC",4,$0.00,$0.00,OR,South Wasco County School District 1
,Invoice,11/10/2020,INV19553,"ActivPanel Titanium 75"" - 4 x Pen, Vesa Mount, WIFI Module & cable pack included. ActivInspire Professional Edition available FOC",8,"$4,799.00","$38,392.00",OR,South Wasco County School District 1
,Invoice,11/10/2020,INV19553,"ActivPanel Titanium 75"" - 4 x Pen, Vesa Mount, WIFI Module & cable pack included. ActivInspire Professional Edition available FOC",1,"$4,799.00","$4,799.00",OR,South Wasco County School District 1
,Invoice,11/25/2020,INV19585,"ActivPanel Nickel 75"" - 1 x Pen, Vesa Mount, WIFI Module & cable pack included. ActivInspire Professional Edition available FOC",4,"$2,700.00","$10,800.00",OR,Tillamook School District 9
,Invoice,7/27/2020,INV19317,"ActivPanel Titanium 75"" - 4 x Pen, Vesa Mount, WIFI Module & cable pack included. ActivInspire Professional Edition available FOC  ***Includes Promethean 5 year Onsite Warranty**",6,"$2,950.00","$17,700.00",OR,Tillamook School District 9
,Invoice,9/15/2020,INV19420,"ActivPanel Nickel 75"" - 1 x Pen, Vesa Mount, WIFI Module & cable pack included. ActivInspire Professional Edition available FOC",1,"$3,200.00","$3,200.00",OR,Victory Academy
,Invoice,8/25/2020,INV19370,"SMART 75"" Interactive Flat Panel 7000R Series with iQ and SMART Learning Suite.",18,"$4,688.60","$84,394.80",OR,Wildwood Elementary School
,Invoice,8/25/2020,INV19370,SMART Board MX075-V2 Interactive display with IQ and SMART Learning suite. Comes with a mount,15,"$3,224.89","$48,373.35",OR,Wildwood Elementary School
,Invoice,8/25/2020,INV19370,SMART Board MX086-V2 interactive display with iQ and SMART Learning Suite,1,"$4,761.49","$4,761.49",OR,Wildwood Elementary School
,Invoice,8/26/2020,INV19380,"ACT will deliver and install the Smart panel, classroom sound system with ceiling speakers, phone, docking station, wireless keyboard and mouse, document camera and screen beam in the new portables. We will install the new cabling to connect the Smart panel from the audio system, docking station and document camera.   We will document all asset tags for the presentation equipment. We will document the Mac address, room number and the wall plate port number  for the phone.   ACT will update the Smart panels, connect them to the network and commission the system.  Cables included to complete the install:  (1) 25' HDMI cable (panel to document camera) (1) 15' DisplayPort to HDMI from panel to docking station (1) 25' 3.5 stereo cable (audio system to dock) (1) 6' 3.5 stereo cable (panel to audio system) (1) 16' USB cable (panel to dock) (1) surge protector with 10' cord (2) 25' cat 6 (panel to network and dock to network) (1) 6' HDMI (screen beam to panel)   ACT will dispose of trash off site.",3,"$1,550.00","$4,650.00",WA,Alexander Graham Bell Elem Sch
,,,,,,,,,
,,,,,,,,,
,Invoice,3/25/2020,INV19132,"AE 6' Cable, USB A Male to Micro-USB B Male for XD Mics",5,$4.99,$24.95,WA,Anacortes School District 103
,Invoice,3/25/2020,INV19132,"AE Microphone XD Handheld Mic Kit - includes HH mic, 1 LiON Battery, USB Cable (KIT)",3,$240.00,$720.00,WA,Anacortes School District 103
,Invoice,3/25/2020,INV19132,"AE Microphone XD Teacher Mic Kit - includes Pendant mic, 1LiON Battery, USB PS & Cable (KIT)",3,$240.00,$720.00,WA,Anacortes School District 103
,Invoice,3/25/2020,INV19132,Battery Li-iON Battery Pack for XD Mics. 3.7V 700 mAh 2.6Wh,5,$32.00,$160.00,WA,Anacortes School District 103
,Invoice,11/17/2020,INV19568,Battery Li-iON Battery Pack for XD Mics. 3.7V 700 mAh 2.6Wh,15,$13.75,$206.25,WA,Anacortes School District 103
,Invoice,10/1/2020,INV19479,Boxlight Mimioview 350U Document Camera,15,$359.00,"$5,385.00",WA,Anacortes School District 103
,Invoice,7/9/2020,INV19294,"BoxLight Procolor-PCMODi5 v2.0 - PC Module 15 IPC 128GBSS WiFi Bluetooth for ProColor 652U, 702U, 752U, 862U interactive flat panels. (Windows license not included)",2,$749.00,"$1,498.00",WA,Anacortes School District 103
,Invoice,6/30/2020,INV19275,Cap Santa North and South Classrooms:   Remove panel from wall and adjust panel height to tray height provided existing mounting holes will not be exposed. Otherwise get as close as possible to tray height.,1,$300.00,$300.00,WA,Anacortes School District 103
,Invoice,6/30/2020,INV19275,"Creator Studio W107: Remove existing panel and raise 10"" to 12"" as long as existing mounting holes do not become exposed. Run customer provided Optical HDMI cable and CAT 5 cable  from panel thru ceiling to teacher desk in the back of the room.  Install ACT Panduit Communications pole from Drop Tile Ceiling to Floor. Pole will have a cable pass thru wall plate.    Parts and Labor included .",1,$802.50,$802.50,WA,Anacortes School District 103
,Invoice,1/23/2020,INV19007,"Delivery, Installation, Assembly, Garbage Removal for BL 752U Interactive Panel  on fixed wall mount or Copernicus Cart, cable whip with 15' HDMI, USB, USB-C and cable sock. 15' Surge Protector  Includes:  15' HDMI 15' USB 15' USB-C to HDMI 15' Cable Sock 15' Surge Protector",1,$650.00,$650.00,WA,Anacortes School District 103
,Invoice,6/30/2020,INV19278,Fitness Studio W176: Install BL panel from Media Studio W127 onto Mobile Cart. Place cart in Fitness Studio. .,1,$250.00,$250.00,WA,Anacortes School District 103
,Invoice,3/31/2020,INV19144,HP-LPWU6700 * WUXGA 7000 LUMENS W/O LENS WH **please note image may not fill entire screen because the existing screen is an older XGA screen.,1,"$8,042.68","$8,042.68",WA,Anacortes School District 103
,Invoice,6/30/2020,INV19278,"Media Studio W127 and W131 Installation Services: W127 Remove BoxLight Panel from existing location and Install new 86"" BoxLight panel in its place. Keep at same height, utilize existing cables. W131 Install new 55"" Wbox Display, on fixed mount. Install Dispay 6"" below fire strobe.  .",1,$500.00,$500.00,WA,Anacortes School District 103
,Invoice,3/24/2020,INV19123,"Media Studio W127:  INTERACTIVE PANEL: BoxLight Procolor 86"" Interactive Flat Panel Ultra High Def 4k resolution with Android  NON INTERACTIVE PANEL OPTION:  lLG 86"" LCD TV  86” UT640S Series UHD Commercial Signage TV  $3895 .",1,"$4,350.00","$4,350.00",WA,Anacortes School District 103
,Invoice,3/24/2020,INV19123,"Media Studio W131: Wbox Tech 55""4K UHD TV - 3 HDMI, 2 USB, TOSLINK",1,$440.00,$440.00,WA,Anacortes School District 103
,Invoice,3/25/2020,INV19132,MimioView 340H Document Camera,3,$449.00,"$1,347.00",WA,Anacortes School District 103
,Invoice,3/4/2020,INV19098,Service Boxlight 1 Day Training,2,"$2,399.00","$4,798.00",WA,Anacortes School District 103
,Invoice,2/5/2020,INV19035,Smart Full-Day Training Session,2,"$2,499.00","$4,998.00",WA,Anacortes School District 103
,Invoice,6/30/2020,INV19275,"Weight Room W184: Remove existing 65"" Display, Remove Unitstrut behind panel if necassary, and install full articulation wall mount in its place. Utilize existing cables if applicable.  .",1,$250.00,$250.00,WA,Anacortes School District 103
,Invoice,8/24/2020,INV19365,SMART Learning Suite 1yr Extension- Priced per qty.,240,$58.44,"$14,025.60",WA,Bainbridge Island School District 303
,Invoice,9/8/2020,INV19406,Installation,35,$995.00,"$34,128.50",WA,Bellevue School District 405
,Invoice,10/28/2020,INV19538,Installation,1,$0.00,$0.00,WA,Bellevue School District 405
,Invoice,6/16/2020,INV19250,SMART Board® 6075S interactive display with iQ and SMART Learning Suite,36,"$4,199.00","$148,140.72",WA,Bellevue School District 405
,Invoice,10/14/2020,INV19513,SMART Learning Suite 3yr Extended Maintenance Warranty. Priced per quantity.,"1,033.00",$39.00,"$40,287.00",WA,Bellevue School District 405
,Invoice,6/16/2020,INV19250,Smart Learning Suite 4yr Extended Maintenance. Priced per quantity.,36,$0.00,$0.00,WA,Bellevue School District 405
,Invoice,9/8/2020,INV19406,Vivitek NovoPro,36,$399.20,"$14,083.78",WA,Bellevue School District 405
,Invoice,6/9/2020,INV19237,Mount Panel to wall and install wall box kit,1,$0.00,$0.00,WA,Bertschi School
,Invoice,6/9/2020,INV19236,Mount panel to wall and install wall box kit,1,$500.00,$500.00,WA,Bertschi School
,Invoice,6/30/2020,INV19266,Our Certified installer will install the wall box kit and mount panel on wall.,1,$500.00,$500.00,WA,Bertschi School
,Invoice,3/25/2020,INV19134,"SMART 75"" V2 Interactive Flat Panel 7000 Series. Smart 75"" Interactive Flat Panel 7000 Series with iQ and SMART Learning Suite.  4K Ultra HD video resolution with HDMI 2.0. Object awareness™ technology recognizes when you’re using a finger (touch/drag), pen (write) or fist (erase). SMART ink™ makes notes easy to read, and allows writing to be converted to text and inserted into applications like Microsoft Office®. SilkTouch™ ensures a smooth, comfortable touch experience - Integration with tablets and phones, including Chromebooks using SMART software. ENERGY STAR® certification saves on energy costs",1,"$5,699.00","$5,699.00",WA,Bertschi School
,Invoice,6/16/2020,INV19249,"SMART 75"" V2 Interactive Flat Panel 7000 Series. Smart 75"" Interactive Flat Panel 7000 Series with iQ and SMART Learning Suite.  4K Ultra HD video resolution with HDMI 2.0. Object awareness™ technology recognizes when you’re using a finger (touch/drag), pen (write) or fist (erase). SMART ink™ makes notes easy to read, and allows writing to be converted to text and inserted into applications like Microsoft Office®. SilkTouch™ ensures a smooth, comfortable touch experience - Integration with tablets and phones, including Chromebooks using SMART software. ENERGY STAR® certification saves on energy costs",1,"$5,699.00","$5,699.00",WA,Bertschi School
,Invoice,3/25/2020,INV19134,SMART Document Camera 550,1,$699.00,$699.00,WA,Bertschi School
,Invoice,6/16/2020,INV19249,SMART Document Camera 550,1,$699.00,$699.00,WA,Bertschi School
,Invoice,10/1/2020,INV19475,SMART Document Camera 550,2,$699.00,"$1,398.00",WA,Bertschi School
,Invoice,9/9/2020,INV19409,SMART Learning Suite 1yr Extension- Priced per qty.  License Key: NC-2ACAK-CNPUJ-4IE4J-ACCAI,2,$78.48,$156.96,WA,Bertschi School
,Invoice,8/18/2020,INV19353,TRUTOUCH Mobile Stand,1,$424.00,$424.00,WA,Bertschi School
,Invoice,9/8/2020,INV19391,TRUTOUCH Mobile Stand,1,$424.00,$424.00,WA,Bertschi School
,Invoice,11/12/2020,INV19563,ACT Certified installer will remove the panel from the mobile cart and mount it onto a blank wall as well as install the wall kit.,1,$500.00,$500.00,WA,Bishop Blanchet High School
,Invoice,6/16/2020,INV19251,"SMART 75"" V2 Interactive Flat Panel 7000 Series. Smart 75"" Interactive Flat Panel 7000 Series with iQ and SMART Learning Suite.  4K Ultra HD video resolution with HDMI 2.0. Object awareness™ technology recognizes when you’re using a finger (touch/drag), pen (write) or fist (erase). SMART ink™ makes notes easy to read, and allows writing to be converted to text and inserted into applications like Microsoft Office®. SilkTouch™ ensures a smooth, comfortable touch experience - Integration with tablets and phones, including Chromebooks using SMART software. ENERGY STAR® certification saves on energy costs",1,"$5,699.00","$5,699.00",WA,Bishop Blanchet High School
,Invoice,6/16/2020,INV19248,SMART Learning Suite 1yr Extension- Priced per qty.  SLS #NC-2ACAE-BEEKK-S8SIZ-SNCSA-AAA,67,$32.40,"$2,170.80",WA,Bishop Blanchet High School
,Invoice,6/15/2020,INV19245,TRUTOUCH Mobile Stand,1,$424.00,$424.00,WA,Bishop Blanchet High School
,Invoice,3/24/2020,INV19125,SMART Board MX075-V2 Interactive display with IQ and SMART Learning suite. Comes with a mount,1,"$3,999.00","$3,999.00",WA,Bush School
,Invoice,8/19/2020,INV19355,SMART Learning Suite 3yr Extended Maintenance Warranty. Priced per quantity.  *License Renewal Key Code  NC-2ADAI-B6ES2-UTBVA-AQBSI-AAA,30,$102.05,"$3,061.50",WA,Bush School
,Invoice,9/21/2020,INV19428,SMART Learning Suite Extended Software Maintenance  **Key Code  NC-2ADAI-B6ES2-UTBVA-AQBSI-AAA**,20,$175.00,"$3,500.00",WA,Bush School
,Invoice,3/24/2020,INV19125,"SMART OPS PC module with Windows 10 Pro, i5 processor",1,$859.00,$859.00,WA,Bush School
,Invoice,11/12/2020,INV19559,AE MS-300 Network Interface with 7' Cat6 Cable & 3.5 to RCA Cables (kit)  AC-0103 7' Cat6 Plenum Rated - Black (1 each) AC-2058 6' 3.5 male to 2 RCA male Y adapter (1 each)  AM-0301 MS-300 Network Interface (1 each),1,$435.00,$435.00,WA,Capital High School
,Invoice,11/12/2020,INV19559,"AE Sentinel Classroom System SP-9104: CS-12 (4) Ceiling Speaker Kit (1 each)  AM-9001: CA-60A Amplifier, Power Supply and Power Cable with Spade Lugs Only (1 each)  IR-9025: Microphone Micro Teardrop Kit (1 each)",1,"$1,220.00","$1,220.00",WA,Capital High School
,Invoice,11/12/2020,INV19559,Certified Professional Installation of Sentinel IR system with an MS300 attached to schools network,1,$650.00,$650.00,WA,Capital High School
,Invoice,10/26/2020,INV19533,"ActivPanel Titanium 75"" - 4 x Pen, Vesa Mount, WIFI Module & cable pack included. ActivInspire Professional Edition available FOC",1,"$3,699.00","$3,699.00",WA,Captain Gray Stem Elementary School
,Invoice,10/26/2020,INV19533,Manual height adjustable mobile stand for use with ActivPanel,1,"$1,081.00","$1,081.00",WA,Captain Gray Stem Elementary School
,Invoice,8/26/2020,INV19379,"ACT will deliver and install the Smart panel, classroom sound system with ceiling speakers, phone, docking station, wireless keyboard and mouse, document camera and screen beam in the new portables. We will install the new cabling to connect the Smart panel from the audio system, docking station and document camera.   We will document all asset tags for the presentation equipment. We will document the Mac address, room number and the wall plate port number  for the phone.   ACT will update the Smart panels, connect them to the network and commission the system.  Cables included to complete the install:  (1) 25' HDMI cable (panel to document camera) (1) 15' DisplayPort to HDMI from panel to docking station (1) 25' 3.5 stereo cable (audio system to dock) (1) 6' 3.5 stereo cable (panel to audio system) (1) 16' USB cable (panel to dock) (1) surge protector with 10' cord (2) 25' cat 6 (panel to network and dock to network) (1) 6' HDMI (screen beam to panel)   ACT will dispose of trash off site.",1,"$1,550.00","$1,550.00",WA,Carl Sandburg Elem School
,Invoice,10/15/2020,INV19522,F150 rental,1,$175.00,$175.00,WA,Cascade Electri/Comm LLC
,Invoice,10/15/2020,INV19522,Rent,1,"$1,800.00","$1,800.00",WA,Cascade Electri/Comm LLC
,Invoice,10/15/2020,INV19522,Shipping,1,$20.61,$20.61,WA,Cascade Electri/Comm LLC
,Invoice,2/27/2020,INV19077,"Certified Professional Installation  Installation will include installation of the wall mount and panel.   If available at time of install, ACT will connect customer-provided signage player to HDMI 1",9,$105.00,$945.00,WA,Charles Wright Academy
,Invoice,2/27/2020,INV19077,"LOWER SCHOOL ENTRY   Wbox Tech 65""4K UHD TV - 3 HDMI, 2 USB, TOSLINK",1,$780.00,$780.00,WA,Charles Wright Academy
,Invoice,2/27/2020,INV19077,"MIDDLE SCHOOL WAITING AREA  Wbox Tech 50""4K UHD TV - 3 HDMI, 2 USB, TOSLINK",1,$350.00,$350.00,WA,Charles Wright Academy
,Invoice,2/27/2020,INV19077,"UPPER SCHOOL FOYER   Wbox Tech 55""4K UHD TV - 3 HDMI, 2 USB, TOSLINK",1,$442.00,$442.00,WA,Charles Wright Academy
,Invoice,10/26/2020,INV19535,"BoxLight Procolor 75"" Interactive Flat Panel Ultra High Def 4k resolution with Android. UNPLUGD is included.  **BoxLight wall mount included in price** Needed to connect to ACT Bracket",4,"$3,200.00","$12,800.00",WA,Chestnut Hill Academy
,Invoice,10/26/2020,INV19535,"Install mount, panel, at customer desired height. Wall should be clear and ready for installation. ACT will also install the 25' ACT cable kit with faceplate which includes HDMI, VGA, 3.5, USB.",4,$340.00,"$1,360.00",WA,Chestnut Hill Academy
,Invoice,10/26/2020,INV19535,"Service  **Optional** Remove existing Promethean System including cables, face plate, and Panduit (if applicable). Load removed equipment into ACT service truck and transport equipment to proper recycle location in Snohomish County",4,$280.00,"$1,120.00",WA,Chestnut Hill Academy
,Invoice,10/26/2020,INV19535,UNPLUGD for ProColor Series 2 (XX2) panel,4,$79.00,$316.00,WA,Chestnut Hill Academy
,Invoice,12/21/2020,INV19613,SMART Learning Suite 2yr extended software Maintenance. Priced per quantity.,33,$62.10,"$2,049.30",WA,Chief Sealth High School
,Invoice,9/28/2020,INV19450,"Portable 6 -  Install new Smart 6275 interactive panel where Activboard was placed. Install includes (1) 25' HDMI, (1) 25' Display port, (1) 25' 3.5mm to RCA. ACT will connect the panel to the docking station, document camera and FrontRow amplifier. ACT will connect the ActionTech to the panel for wireless display.",1,$600.00,$600.00,WA,Christa McAuliffe Elem School
,Invoice,2/5/2020,INV19034,"Sharp 70""4K ULTRA-HD AQUOS BOAR",1,"$3,555.05","$3,555.05",WA,City of Monroe Public Works
,Invoice,2/11/2020,INV19057,"Sharp 70""4K ULTRA-HD AQUOS BOAR",1,"$3,555.05","$3,555.05",WA,City of Monroe Public Works
,Invoice,11/9/2020,INV19548,"AE Dome Sensor, IR-Satellite Receiver TLD100 w/adapter",1,$455.00,$455.00,WA,Clover Park School District 400
,Invoice,3/24/2020,INV19124,ActivPanel Mobile Stand - For use with current & previous versions of ActivPanel,1,$599.00,$536.32,WA,Columbia Basin College
,Invoice,3/24/2020,INV19124,"ActivPanel Titanium 86"" - 4 x Pen, Vesa Mount, WIFI Module & cable pack included. ActivInspire Professional Edition available FOC",1,"$6,949.00","$6,225.00",WA,Columbia Basin College
,Invoice,11/9/2020,INV19549,Promethean Academy - 1-Day Prof Development On-Site Training,1,"$1,999.00","$1,999.00",WA,Columbia Basin College
,Invoice,7/9/2020,INV19292,Boxlight Mimioview 350U Document Camera,1,$449.00,$449.00,WA,Columbia School District 400
,Invoice,10/6/2020,INV19486,"ActivPanel Titanium 75"" - 4 x Pen, Vesa Mount, WIFI Module & cable pack included. ActivInspire Professional Edition available FOC",1,"$2,999.00","$2,999.00",WA,Conley Engineering
,Invoice,10/6/2020,INV19486,Promethean Fixed height mobile stand for use with ActivPanel,1,$399.00,$399.00,WA,Conley Engineering
,Invoice,10/6/2020,INV19486,Promethean Laptop Tray for Fixed Mobile Stand ETE,1,$55.00,$55.00,WA,Conley Engineering
,Invoice,7/30/2020,INV19324,"ACT Installation Building 5000 RM 520 : installation of Promethean 75"" panel on fixed height bracket. Bottom of panel to be 36"" from the floor.  Contact: Denny Alfred or Jeff Cravy  360-445-5785 for install access  Assumptions: Wall will be ready for installation. If there is an existing whiteboard, Techs will drill thru whiteboard. Techs will route and connect 15' HDMI, 15' USB to HDMI 1 and USB 1. Connect Chromebox to panel on HDMI 2. .",1,$562.50,$562.50,WA,Conway School District 317
,Invoice,7/30/2020,INV19324,"ActivPanel Titanium 75"" - 4 x Pen, Vesa Mount, WIFI Module & cable pack included. ActivInspire Professional Edition available FOC",1,"$3,100.00","$3,100.00",WA,Conway School District 317
,Invoice,7/30/2020,INV19324,Promethean Chromebox,1,$336.00,$336.00,WA,Conway School District 317
,Invoice,7/23/2020,INV19312,ACT Display Port Full Service Package   Reference:  State Contract KCDA -Bid #18-053 Integrated Technology Service Rate: $125 per hour .,1,$739.71,$724.92,WA,Dieringer School District 343
,Invoice,3/31/2020,INV19147,"SMART 86"" Interactive Flat Panel 7000R Series with iQ and SMART Learning Suite.  Reference: State Contract KCDA -Bid #18-053  KCDA Pricing $6,534.50 .",1,"$5,935.00","$5,816.30",WA,Dieringer School District 343
,Invoice,9/7/2020,INV19386,SMART Board MX086-V2 interactive display with iQ and SMART Learning Suite,3,"$4,332.00","$12,996.00",WA,East Valley School District 90
,Invoice,9/7/2020,INV19386,"SMART Floor Stand Electric, FSE-410, UL certified",3,"$1,299.00","$3,897.00",WA,East Valley School District 90
,Invoice,9/7/2020,INV19386,Smart Learning Suite 4yr Extended Maintenance. Priced per quantity.,3,$85.50,$256.50,WA,East Valley School District 90
,Invoice,6/18/2020,INV19255,SMART Learning Suite 1yr Extension- Priced per qty.,50,$34.00,"$1,700.00",WA,Edmonds School District 15
,Invoice,8/5/2020,INV19337,Verkada 1 Year License,1,$155.00,$155.00,WA,Edmonds School District 15
,Invoice,8/5/2020,INV19337,Verkada CD61 Outdoor Camera. 4K. Zoom Lens. 30 days of storage,1,"$1,245.00","$1,245.00",WA,Edmonds School District 15
,Invoice,9/8/2020,INV19401,"Disconnect and box up 8 desktop computers in offices 101A, 124, 112b, 101, 101, 106, 101 and 202. Label with room number for movers to store.  Reinstall when flooring completed.",8,$187.50,"$1,500.00",WA,Elizabeth Blackwell Elem Sch
,Invoice,9/8/2020,INV19401,Reinstall all tech hardware and panel cabling in classrooms once movers have brought back to rooms.,28,$187.50,"$5,250.00",WA,Elizabeth Blackwell Elem Sch
,Invoice,9/8/2020,INV19401,Time and material not to exceed for additional removal and installs that may not be specified. We will do a sweep of the site and make sure flooring in all rooms is clear of computers and classroom tech. If printers and other equipment is on counter tops and not in the way then we will leave that in place.   If not needed then this won't be billed,1,"$2,500.00","$2,500.00",WA,Elizabeth Blackwell Elem Sch
,Invoice,9/8/2020,INV19401,"Uninstall classroom tech footprint. Includes docking station, monitors, audio amplifier and doc cam. Box them all up and label box with room number for movers to store. Power down Smart panel and get all cables up and off the floor.  We will disconnect and label printers in classrooms that need to move. Based on room count from inventory list and map",28,$187.50,"$5,250.00",WA,Elizabeth Blackwell Elem Sch
,Invoice,1/21/2020,INV18999,Install 2 additional wall speakers in music room in the back of room. Use surface mount raceway for wire where needed.,1,$450.00,$450.00,WA,Ella Baker Elementary School
,Invoice,1/21/2020,INV19000,ACT Special program,8,$10.00,$80.00,WA,Emily Dickinson Elem School
,Invoice,1/21/2020,INV19000,"Remove Activboard and projector. Install new Smart 6275 interactive panel where Activboard was placed. Install includes (1) 25' HDMI, (1) 25' Display port, (1) 25' 3.5mm to RCA. ACT will connect the panel to the docking station, document camera and FrontRow amplifier. ACT will connect the ActionTech to the panel for wireless display.",8,$650.00,"$5,200.00",WA,Emily Dickinson Elem School
,Invoice,1/21/2020,INV19001,"Room in back of library - Remove Activboard and projector. Install new Smart MX275 interactive panel where Activboard was placed. Install includes (2) 25' HDMI, (1) 25' 3.5mm to RCA. ACT will connect the panel to the docking station, document camera and FrontRow amplifier. ACT will connect the ActionTech to the panel for wireless display.",1,$650.00,$650.00,WA,Evergreen Junior High School
,Invoice,3/2/2020,INV19087,"ESC INSTALL: Mobile Cart Panel Install and Assembly: Installation includes the following: •Pick up Panel, VESA Mount and Mobile Cart from District storage location •Deliver Equipment to Install location •Install Panel, VESA Mount, Assemble Mobile Cart and Cable kit  •Test Panel, Test Cables •Cable Kit Includes (15’ HDMI,15’ HDMI to Display Port, 3.5 Audio, USB XT, Cable Sock, and 25’ Power Strip) •Make note of serial number with School and Classroom information (provide info to district contact when completed) •Remove all trash  OETC State Contract Pricing. .",1,$878.00,$878.00,WA,Federal Way Public Schools
,Invoice,3/2/2020,INV19087,"SAC MS INSTALLS: Fixed Height Panel/TV/IWB install with Cable Sock: Installation includes the following: Pick up Panel, VESA Mount and OB1U bracket (if requested) from District warehouse or other District Location. Deliver Equipment to Install location Install Panel, VESA Mont and OB1U (if requested) and Cable kit  Test Panel, Test Cables  Cable Kit Includes (15’ HDMI,15’ HDMI to Display Port, USB XT, Cable Sock, and 25’ Power Strip) Make note of serial number with School and Classroom (provide info to district contact when completed) Remove all trash    OETC State Contract Pricing .",3,$708.00,"$2,124.00",WA,Federal Way Public Schools
,Invoice,1/27/2020,INV19015,"DISTRICT OFFICE:  ACT installation of BL panel on East Wall of District Conference Room. Panel will be installed on fixed height VESA mount. Bottom of panel will be 35"" to 36"" from ground. Cables will be in a sock, and connected to mount for security and coild for ease of use. Connect existing data cable into panel. Test all cables, and remove trash from location.   **panel will be placed in area of old Smart Board which will be removed prior to ACT Techs arrival.",1,$570.00,$570.00,WA,Ferndale School District 502
,Invoice,1/27/2020,INV19015,"DISTRICT OFFICE:  BoxLight Procolor 75"" Interactive Flat Panel Ultra High Def 4k resolution with Android. UNPLUGD is included.",1,"$2,800.00","$2,800.00",WA,Ferndale School District 502
,Invoice,1/27/2020,INV19015,DISTRICT OFFICE:  Boxlight Procolor Integrated module to add 2.4/5GHz wireless and Bluetooth to XX3 series panels,1,$79.00,$79.00,WA,Ferndale School District 502
,Invoice,1/27/2020,INV19015,"DISTRICT OFFICE:  BoxLight Procolor-PCMODi5 v2.0 - PC Module 15 IPC 128GBSS WiFi Bluetooth for ProColor 652U, 702U, 752U, 862U interactive flat panels.  **Please note Windows License NOT included with PC Module**  .",1,$749.00,$749.00,WA,Ferndale School District 502
,Invoice,1/27/2020,INV19014,"VISTA 16: ACT installation of BL panel at VISTA 16.  District to confirm the following prior to installation:  Building: Classroom #: Install Wall (North, South, East, West) Panel to ground Height: Cables will be in sock and Trash will be removed from site.",1,$570.00,$570.00,WA,Ferndale School District 502
,Invoice,1/27/2020,INV19014,"VISTA 16: BoxLight Procolor 75"" Interactive Flat Panel Ultra High Def 4k resolution with Android. UNPLUGD is included.",1,"$2,800.00","$2,800.00",WA,Ferndale School District 502
,Invoice,1/27/2020,INV19014,VISTA 16: Boxlight Procolor Integrated module to add 2.4/5GHz wireless and Bluetooth to XX3 series panels,1,$79.00,$79.00,WA,Ferndale School District 502
,Invoice,1/27/2020,INV19014,"VISTA 16: BoxLight Procolor-PCMODi5 v2.0 - PC Module 15 IPC 128GBSS WiFi Bluetooth for ProColor 652U, 702U, 752U, 862U interactive flat panels.  **Please note Windows License NOT included with PC Module**  .",1,$749.00,$749.00,WA,Ferndale School District 502
,Invoice,11/30/2020,INV19588,AE Mini Classroom System (KIT) SP-9102: CS-12 (2) Ceiling Speaker Kit (1 each)  AM-9004: CA-30 Amplifier & Power Supply Only Kit (1 each),1,$400.00,$400.00,WA,French American School of Puget Sound
,Invoice,10/13/2020,INV19508,Certified Professional Installation  Install Smart-provided mount to wall Install screen to mount Connect screen to available power,1,$550.00,$550.00,WA,French American School of Puget Sound
,Invoice,11/30/2020,INV19588,Certified Professional Installation of 75” Smart Board on BalanceBox wallmount with Audio installation,1,$950.00,$950.00,WA,French American School of Puget Sound
,Invoice,8/31/2020,INV19382,SMART Board MX075-V2 Interactive display with IQ and SMART Learning suite. Comes with a mount,1,"$3,999.00","$3,999.00",WA,French American School of Puget Sound
,Invoice,8/31/2020,INV19382,Smart Learning Suite 4yr Extended Maintenance. Priced per quantity.,1,$0.00,$0.00,WA,French American School of Puget Sound
,Invoice,3/2/2020,INV19088,BoxLight Cambridge WXGA Short-Throw Projector. 3300-lumens (wireless optional),2,$819.00,"$1,638.00",WA,Granite Falls School District 332
,Invoice,9/28/2020,INV19456,SMART Learning Suite 1yr Extension- Priced per qty.  Product Key  NC-2AAAN-DWC73-NN65S-SNB2A-AAA,4,$49.05,$196.20,WA,Greater Trinity Academy
,Invoice,9/29/2020,INV19465,"ACT will deliver and install the Smart panel, classroom sound system with ceiling speakers, phone, docking station, wireless keyboard and mouse, document camera and screen beam in the new portables. We will install the new cabling to connect the Smart panel from the audio system, docking station and document camera.   We will document all asset tags for the presentation equipment. We will document the Mac address, room number and the wall plate port number  for the phone.   ACT will update the Smart panels, connect them to the network and commission the system.  Cables included to complete the install:  (1) 25' HDMI cable (panel to document camera) (1) 15' DisplayPort to HDMI from panel to docking station (1) 25' 3.5 stereo cable (audio system to dock) (1) 6' 3.5 stereo cable (panel to audio system) (1) 16' USB cable (panel to dock) (1) surge protector with 10' cord (2) 25' cat 6 (panel to network and dock to network) (1) 6' HDMI (screen beam to panel)   ACT will dispose of trash off site.",3,"$1,550.00","$4,650.00",WA,Henry David Thoreau Elementary School
,Invoice,11/18/2020,INV19571,"ACT installation of Interactive Panel up to 75"" with qty. 2 HDMI and 1 USB Cable. Cables will be secured to panel for safety and Velcro will be used to bind cables together. Customer to fill out classroom maps prior to installation.",11,$425.00,"$4,675.00",WA,Heritage Christian Academy
,Invoice,11/18/2020,INV19572,Cancelled Not completing Installation of Promethean ActivBoard with BoxLight Projector and Boom.   ACT will utilize HDMI and USB from old classrooms. Cables will be combined with Velcro.,1,$0.00,$0.00,WA,Heritage Christian Academy
,Invoice,11/18/2020,INV19571,Installation of Promethean ActivBoard with BoxLight Projector and Boom.   ACT will utilize HDMI and USB from old classrooms. Cables will be combined with Velcro.,3,$425.00,"$1,275.00",WA,Heritage Christian Academy
,Invoice,12/15/2020,INV19605,"Mobile Stand, requires separate purchase of PROCOLOR-WALLMOUNT-003 if not purchased with a PROCOLOR PANEL",1,$474.00,$474.00,WA,Heritage Christian Academy
,Invoice,11/18/2020,INV19572,"Not Completing ACT installation of Interactive Panel up to 75"" with qty. 1-15"" HDMI, 1-15' USB, 1-50' HDMI and 1- CAT 5 USB Extender.  15' Cables will be secured to panel for safety and Velcro will be used to bind cables together. 50' cable will be routed in Surface mount raceway to ceiling at panel and at teacher desk. Cable will flow out of surface mount raceway with NO faceplate. Customer to fill out classroom maps prior to installation.   CAT 5 Cable included in this install",1,$0.00,$0.00,WA,Heritage Christian Academy
,Invoice,11/18/2020,INV19571,"Remove existing Promethean systems. Board, Wall Bracket, Projector Boom, and Projector.   Deliver old equipment to designated storage room on campus, or to the next install location based on room.   *Leave Ceiling mounted projectors in place  *Leave existing surface mount raceway and faceplates in place.  *Leave cables in place except in the rooms listed below:  ACT will take existing HDMI and USB cables from Rooms: A200, A206, A221, B217  **Please note ACT will not be responsible for painting and patching of holes left in walls after removal.",12,$95.00,"$1,140.00",WA,Heritage Christian Academy
,Invoice,10/31/2020,INV19551,SMART Board MX075-V2 Interactive display with IQ and SMART Learning suite. Comes with a mount,12,"$2,999.00","$35,988.00",WA,Heritage Christian Academy
,Invoice,10/31/2020,INV19551,Smart Learning Suite 4yr Extended Maintenance. Priced per quantity.  **FOC CARES ACT PROMO**,12,$0.00,$0.00,WA,Heritage Christian Academy
,Invoice,9/28/2020,INV19452,"ACT Certified Professional Installation Professional assembly, shipping and delivery of panel on carts.  Includes: 2x 10' HDMI 2x Tail whips - wrapping the USB and HDMI together)  Panels will be assembled at ACT Warehouse and delivered to customer.",1,"$1,900.00","$1,900.00",WA,Holy Family Kirkland
,Invoice,9/15/2020,INV19421,"SMART 75"" V2 Interactive Flat Panel 7000 Series. Smart 75"" Interactive Flat Panel 7000 Series with iQ and SMART Learning Suite.  4K Ultra HD video resolution with HDMI 2.0. Object awareness™ technology recognizes when you’re using a finger (touch/drag), pen (write) or fist (erase). SMART ink™ makes notes easy to read, and allows writing to be converted to text and inserted into applications like Microsoft Office®. SilkTouch™ ensures a smooth, comfortable touch experience - Integration with tablets and phones, including Chromebooks using SMART software. ENERGY STAR® certification saves on energy costs",2,"$5,199.00","$10,398.00",WA,Holy Family Kirkland
,Invoice,9/15/2020,INV19421,"SMART Floor Stand Electric, FSE-410, UL certified",2,"$1,299.00","$2,598.00",WA,Holy Family Kirkland
,Invoice,7/7/2020,INV19279,SMART Board® 6075S interactive display with iQ and SMART Learning Suite,1,"$4,749.00","$4,749.00",WA,Holy Names Academy
,Invoice,7/7/2020,INV19279,SMART Board® 6075S interactive display with iQ and SMART Learning Suite  **Refresh Program Pricing**,5,"$4,389.00","$21,945.00",WA,Holy Names Academy
,Invoice,7/7/2020,INV19280,SMART Learning Suite 3yr Subscription. Priced per quantity.,41,$87.75,"$3,597.75",WA,Holy Names Academy
,Invoice,9/8/2020,INV19404,ACT will Assemble IRover Cart and install panel on cart.  Customer to provide cables,1,$425.00,$425.00,WA,Holy Rosary School - Edmonds
,Invoice,9/24/2020,INV19441,ACT will Assemble IRover Cart and install panel on cart.  Customer to provide cables,1,$425.00,$425.00,WA,Holy Rosary School - Edmonds
,Invoice,5/21/2020,INV19208,"BoxLight Procolor 75"" Interactive Flat Panel Ultra High Def 4k resolution with Android. UNPLUGD is included.",6,"$3,100.00","$18,600.00",WA,Holy Rosary School - Edmonds
,Invoice,8/18/2020,INV19354,"BoxLight Procolor 75"" Interactive Flat Panel Ultra High Def 4k resolution with Android. UNPLUGD is included.",1,"$3,100.00","$3,100.00",WA,Holy Rosary School - Edmonds
,Invoice,5/21/2020,INV19208,Boxlight Procolor Integrated module to add 2.4/5GHz wireless and Bluetooth to xx2 series panels,6,$79.00,$474.00,WA,Holy Rosary School - Edmonds
,Invoice,8/18/2020,INV19354,Boxlight Procolor Integrated module to add 2.4/5GHz wireless and Bluetooth to xx2 series panels,8,$79.00,$632.00,WA,Holy Rosary School - Edmonds
,Invoice,8/18/2020,INV19354,Boxlight Procolor Integrated module to add 2.4/5GHz wireless and Bluetooth to xx2 series panels,1,$79.00,$79.00,WA,Holy Rosary School - Edmonds
,Invoice,9/24/2020,INV19441,Boxlight Procolor Integrated module to add 2.4/5GHz wireless and Bluetooth to xx2 series panels,1,$79.00,$79.00,WA,Holy Rosary School - Edmonds
,Invoice,9/30/2020,INV19471,For Library:  iRover²™ for Interactive Flat Panels 500,1,"$1,162.00","$1,162.00",WA,Holy Rosary School - Edmonds
,Invoice,9/30/2020,INV19471,"Installation of 1 BoxLight 75"" Panel on a Copernicus Cart  No cables will be run or installed.",1,$425.00,$425.00,WA,Holy Rosary School - Edmonds
,Invoice,6/22/2020,INV19256,"Installation of 6 BoxLight 75"" Panels with Fixed and Balance Box Wall mounts. ACT will install Wall mount on the wall. (customer to designate desired height of panel prior to installation) ACT will install panel on Wall Mount   No cables will be run or installed.",5,$425.00,"$2,125.00",WA,Holy Rosary School - Edmonds
,Invoice,6/22/2020,INV19256,"Installation of 6 BoxLight 75"" Panels with Fixed and Balance Box Wall mounts. ACT will install Wall mount on the wall. (customer to designate desired height of panel prior to installation) ACT will install panel on Wall Mount   No cables will be run or installed.",1,$425.00,$425.00,WA,Holy Rosary School - Edmonds
,Invoice,7/15/2020,INV19298,iRover²™ for Interactive Flat Panels 500,1,"$1,162.00","$1,162.00",WA,Holy Rosary School - Edmonds
,Invoice,8/18/2020,INV19354,iRover²™ for Interactive Flat Panels 500,1,"$1,162.00","$1,162.00",WA,Holy Rosary School - Edmonds
,Invoice,9/24/2020,INV19441,"Mobile Stand for Procolor panels, requires separate purchase of PROCOLOR-WALLMOUNT-003",1,$549.00,$549.00,WA,Holy Rosary School - Edmonds
,Invoice,9/24/2020,INV19441,"PROCOLOR 75"" IR UHD/4K ANDROID IFP",1,"$3,100.00","$3,100.00",WA,Holy Rosary School - Edmonds
,Invoice,9/30/2020,INV19471,Remove 1 BL Panel from Wall and install. Take excess hardware  to a designated room within the building.,1,$112.50,$112.50,WA,Holy Rosary School - Edmonds
,Invoice,6/22/2020,INV19256,"Remove 6 Promethean Systems: Remove Board, Projector and Boom. Take systems to a designated room located within the same building.   ACT will put Projector, Remote and  accessories in a box. Box will be labeled with items taken from each classroom.   ACT will leave existing cabling in place, ACT is not responsible for painting patching existing holes in the wall.",5,$212.50,"$1,062.50",WA,Holy Rosary School - Edmonds
,Invoice,9/30/2020,INV19470,"ACT Installation: Installation of 65"" WBox Panel with Tilt Mount, 25' Power Cord and a single 25'  HDMI cable with no face plate.   Cable will be run straight down from the panel, power will then be routed to power, and HDMI will be coiled in place at panel.   Customer will need to provide classroom pictures prior to technicians arriving onsite. Wall will need to be clear of all posters, pictures, and items that will prohibit the panel from being installed.",1,$520.00,$520.00,WA,Immaculate Conception Regional School
,Invoice,9/30/2020,INV19470,"Wbox Tech 65"" LED 4k TV. High-quality LED TV with LED backlight panel. ATSC/NTSC digital-analog integrated tuner. HDMI 2.0, supports signal in of 260p@60Hz max. HDMI 4 supports MHL feature. Inputs ports include VGA, YPbPr (component), HDMI (4), AV, Composite, USB. Output ports include earphone and coaxial-OUT.",1,"$1,099.00","$1,099.00",WA,Immaculate Conception Regional School
,Invoice,8/26/2020,INV19378,Install Smart panel and all tech footprint in portables. Re-install speaker wiring and connect in cart. Re connect all cabling and hardware. Test system to make sure all parts are functioning,2,"$1,225.00","$2,450.00",WA,Inglewood Middle School
,Invoice,8/26/2020,INV19378,Remove tech footprint from LWHS portables. Pull speaker wire back to mechanical closet to be able to separate portable. Take Smart panel and all tech footprint to IMS for re-installation.,2,$325.00,$650.00,WA,Inglewood Middle School
,Invoice,12/3/2020,INV19591,"Installation of audio/Visual system in  main common room. Install includes the following: 1. Recessed ceiling electric projection screen (Dalite 69""X110"" 130"" dia. with RS232 controller)  2. Install ceiling mounted Laser projector (Eiki EK-623UW 1920X1200 DLP projector, required lens and protective cage. ) 3. Install 2 customer provided 80"" Sharp panels in opposite corners of space  4. Install input wall plates with HDMI for the Projector and each individual panel 5. Install 1 wired mic wall plate close to wall plate for projector 6. Install 6 70v ceiling speakers for each of 3 zones. The zones will be set up to be able to use each display individually with it's own audio. 7. Install wireless microphone receivers in ceiling for each zone 8. Install a 7"" touch control pad by the librarians counter.  9. Install rack, amp, matrix and control system. Program and commission system to be able to run all displays, screen and audio sources from 7"" touch pad. Displays and audio system can be used individually or in conjunction with each other to complete a common zone for large groups.    Includes all mounting hardware, labor and cabling for a complete system.  Includes Microphones for each zone",1,"$94,077.25","$94,077.25",WA,Innovation Lab High School
,Invoice,12/3/2020,INV19591,Installation of customer provided projector and audio system in conference room on 2nd and 3rd floor. Install includes a wall plate with HDMI to projector and all mounting hardware for projector. Amplifier will be wall mounted above wall plate location. Four ceiling speakers will be installed in rooms.,2,"$1,125.00","$2,250.00",WA,Innovation Lab High School
,Invoice,11/16/2020,INV19564,Vivitek Novo DS,2,$429.00,$858.00,WA,John Muir Elementary School
,Invoice,8/26/2020,INV19375,"ACT will deliver and install the Smart panel, classroom sound system with ceiling speakers, phone, docking station, wireless keyboard and mouse, document camera and screen beam in the new classrooms. We will install the new cabling to connect the Smart panel from the audio system, docking station and document camera.   We will document all asset tags for the presentation equipment. We will document the Mac address, room number and the wall plate port number  for the phone.   ACT will update the Smart panels, connect them to the network and commission the system.  Cables included to complete the install:  (1) 25' HDMI cable (panel to document camera) (1) 15' DisplayPort to HDMI from panel to docking station (1) 25' 3.5 stereo cable (audio system to dock) (1) 6' 3.5 stereo cable (panel to audio system) (1) 16' USB cable (panel to dock) (1) surge protector with 10' cord (2) 25' cat 6 (panel to network and dock to network) (1) 6' HDMI (screen beam to panel) (2) 1 hole plates. One for behind panel and one for teaching location  ACT will dispose of trash off site.",45,"$1,625.00","$73,125.00",WA,Juanita High School
,Invoice,8/26/2020,INV19375,"ACT will deliver and set up new CPU, monitor, keyboard, mouse and switches for 32 station computer lab. We will Install switch on top of table and connect each of 4 work stations to it for network. We will turn on each work station to verify monitor and PC is working properly.   District is responsible for imaging each CPU.",2,"$1,125.00","$2,250.00",WA,Juanita High School
,Invoice,8/26/2020,INV19375,"ACT will pack up CPU, monitor, Keyboard, mouse and switches in existing computer lab and move to the new lab. Movers will move the tables to new lab. ACT will move the hardware and reconnect when tables are in place in the new lab.",1,"$1,125.00","$1,125.00",WA,Juanita High School
,Invoice,8/26/2020,INV19376,Adapter - 90 degree male to female HDMI,50,$0.00,$0.00,WA,Juanita High School
,Invoice,9/21/2020,INV19424,AE Mini Classroom System (KIT) SP-9104: CS-12 (4) Ceiling Speaker Kit (1 each)  XD-9001: XD Receiver with 3' Cat6 Kit (1 each)  XD-9025: Microphone XD Teardrop Mic Kit (1 each) AM-9004: CA-30 Amplifier & Power Supply Only Kit (1 each)  XD-9050: Microphone XD Handheld Mic Kit (1 each),1,"$1,145.00","$1,145.00",WA,Juanita High School
,Invoice,8/26/2020,INV19375,Installation of Large format display in specified locations. ACT will pick up and deliver LFD and Novo DS to site. ACT will mount customer provided wall mount and LFD. ACT will connect network cable to Novo DS for digital signage at each LFD. ACT will perform initial set up of each LFD.,1,$375.00,$375.00,WA,Juanita High School
,Invoice,6/30/2020,INV19271,"Juanita High - ACT will remove Activboards, Front Row amps, mics, keyboards, phones and projectors from  portables. All hardware  will go the the Annex building in the warehouse except what is identified to go to the new building. Act will take the Activboards to the recycling. We will pull speaker wires back to be able to separate portable for moving.",25,$325.00,"$8,125.00",WA,Juanita High School
,Invoice,2/6/2020,INV19046,"Room 114 - Take down Smart panel, cables and mount. Relocate to opposite end of classroom. Re configure speaker wires to the other end of space. Move tech hardware to new Panel location. Re-use cables for Smart panel. Speakers will stay in same locations.",1,$875.00,$875.00,WA,Juanita High School
,Invoice,8/26/2020,INV19375,"Set up teacher tech footprint in rooms 111, 220, 211, 214, 374, 375, 376, 378, 302, 303,, 314, 311 and 320.",1,$900.00,$900.00,WA,Juanita High School
,Invoice,1/16/2020,INV18992,Vivitek Novo DS,1,$429.00,$429.00,WA,Kamiakin Middle School
,Invoice,12/21/2020,INV19609,LU Mobile Transport Case (2),1,"$1,950.00","$1,950.00",WA,Kent Parks & Recreation
,Invoice,12/21/2020,INV19609,"LU Mobile turn-key system for: One interactive video wall, light and sound system",1,"$25,000.00","$25,000.00",WA,Kent Parks & Recreation
,Invoice,12/21/2020,INV19609,LU Wheels for Mobile Unit,1,$400.00,$400.00,WA,Kent Parks & Recreation
,Invoice,12/21/2020,INV19609,Microphone Shure BLX14R kit with headset,1,$800.00,$800.00,WA,Kent Parks & Recreation
,Invoice,9/16/2020,INV19423,SMART Learning Suite Extended Software Maintenance - 11 month,"2,200.00",$30.00,"$66,000.00",WA,Kent School District 415
,Invoice,2/17/2020,INV19066,SMART Meeting Pro,1,$229.00,$229.00,WA,Kidder Mathews
,Invoice,8/26/2020,INV19377,Install Smart panel and all tech footprint in portables. Re-install speaker wiring and connect in cart. Re connect all cabling and hardware. Test system to make sure all parts are functioning,2,"$1,225.00","$2,450.00",WA,Kirkland Junior High School
,Invoice,8/26/2020,INV19377,Remove tech footprint from LWHS portables. Pull speaker wire back to mechanical closet to be able to separate portable. Take Smart panel and all tech footprint to KiMS for re-installation.,2,$325.00,$650.00,WA,Kirkland Junior High School
,Invoice,10/1/2020,INV19474,SMART Board® 6075S interactive display with iQ and SMART Learning Suite,2,"$3,700.00","$7,400.00",WA,Kitsap Community Resources
,Invoice,10/1/2020,INV19474,"SMART Floor Stand Electric, FSE-410, UL certified",1,$999.00,$999.00,WA,Kitsap Community Resources
,Invoice,4/9/2020,INV19158,Installation,1,"$4,000.00","$4,000.00",WA,Knolls Vista Elementary School
,Invoice,7/22/2020,INV19309,Installation,1,$0.00,$0.00,WA,Knolls Vista Elementary School
,Invoice,4/9/2020,INV19158,"LU UNO turn-key system for: One interactive video wall, light and sound system",1,"$16,500.00","$16,500.00",WA,Knolls Vista Elementary School
,Invoice,4/9/2020,INV19158,LU Wireless HDMI IOGEAR 1 port,1,$500.00,$500.00,WA,Knolls Vista Elementary School
,Invoice,4/9/2020,INV19158,Microphone Shure BLX14R kit with headset,1,$625.00,$625.00,WA,Knolls Vista Elementary School
,Invoice,9/10/2020,INV19410,"ACT to Remove 10 existing Cameras from Mauna Kea Bldg, and Transition Bldg. Install new Verkada Cameras in place of old cameras and label existing IP address on each camera. Save undamaged Verkada Boxes and return to Tech room (Nathan Stringer) Return old Cameras back to tech lab as well.   Assumptions: Techs will have temporary access to Lake Stevens School District Verkada Command. All equipment will be onsite, and all existing cables are live and working. Techs will have full access to complete work during normal business hours.   ACT will make effort to put new cameras in the same location as old cameras, but ACT is not responsible for painting and patching of holes.  ***NOT to Exceed***",10,$200.00,"$2,000.00",WA,Lake Stevens School District 4
,Invoice,10/29/2020,INV19545,Verkada 5 Year License,13,$611.00,"$7,943.00",WA,Lake Stevens School District 4
,Invoice,10/29/2020,INV19545,Verkada 5 year Viewing Station License,1,"$1,528.65","$1,528.65",WA,Lake Stevens School District 4
,Invoice,10/29/2020,INV19545,Verkada CD51 Indoor Camera. 5MP. Zoom Lens. 30 days of storage,2,$737.90,"$1,475.80",WA,Lake Stevens School District 4
,Invoice,10/29/2020,INV19545,Verkada CD61 Outdoor Camera. 4K. Zoom Lens. 30 days of storage,9,"$1,181.08","$10,629.72",WA,Lake Stevens School District 4
,Invoice,10/29/2020,INV19545,Verkada Indoor/Outdoor Fisheye Camera. 12MP. Fixed Lens. 30 days of storage,2,"$1,402.70","$2,805.40",WA,Lake Stevens School District 4
,Invoice,10/29/2020,INV19545,Verkada Viewing Station Hardware,1,"$1,528.65","$1,528.65",WA,Lake Stevens School District 4
,Invoice,9/28/2020,INV19462,ACT Installation of Flat Panel Display on fixed TV Wall mount. NO Cables or Power are provided in this installation. Power to be provided by district.,4,$437.50,"$1,750.00",WA,Lake Stevens Senior High School
,Invoice,9/28/2020,INV19462,"Installation of Qty. 2 CAT 6 Plenum Cables from Closest IDF to New printer location. ACT will fish walls and place 2 gang jack in wall at standard outlet height. Test, label and terminate in IDF.  **District to identify where cables are to be terminated in IDF***",1,$500.00,$500.00,WA,Lake Stevens Senior High School
,Invoice,9/28/2020,INV19462,"Wbox Tech 65"" LED 4k TV. High-quality LED TV with LED backlight panel. ATSC/NTSC digital-analog integrated tuner. HDMI 2.0, supports signal in of 260p@60Hz max. HDMI 4 supports MHL feature. Inputs ports include VGA, YPbPr (component), HDMI (4), AV, Composite, USB. Output ports include earphone and coaxial-OUT.",4,$649.00,"$2,596.00",WA,Lake Stevens Senior High School
,Invoice,1/20/2020,INV18997,ACT exchange program (Special),61,$10.00,$610.00,WA,Lake Washington High School
,Invoice,10/13/2020,INV19507,"ACT will deliver and install the Smart panel, classroom sound system with ceiling speakers, phone, docking station, wireless keyboard and mouse, document camera and screen beam in the new classrooms. We will install the new cabling to connect the Smart panel from the audio system, docking station and document camera.   We will document all asset tags for the presentation equipment. We will document the Mac address, room number and the wall plate port number  for the phone.   ACT will update the Smart panels, connect them to the network and commission the system.  Cables included to complete the install:  (1) 25' HDMI cable (panel to document camera) (1) 15' DisplayPort to HDMI from panel to docking station (1) 25' 3.5 stereo cable (audio system to dock) (1) 6' 3.5 stereo cable (panel to audio system) (1) 16' USB cable (panel to dock) (1) surge protector with 10' cord (2) 25' cat 6 (panel to network and dock to network) (1) 6' HDMI (screen beam to panel) (2) 1 hole plates. One for behind panel and one for teaching location  ACT will dispose of trash off site.",23,"$1,625.00","$37,375.00",WA,Lake Washington High School
,Invoice,10/13/2020,INV19507,"ACT will deliver and set up new CPU, monitor, keyboard, mouse and switches for 32 station computer lab. We will Install switch on top of table and connect each of 4 work stations to it for network. We will turn on each work station to verify monitor and PC is working properly.   District is responsible for imaging each CPU.",1,"$1,125.00","$1,125.00",WA,Lake Washington High School
,Invoice,1/20/2020,INV18998,Adapter - 90 degree male to female HDMI,70,$0.00,$0.00,WA,Lake Washington High School
,Invoice,10/13/2020,INV19507,Installation of Large format display in specified locations. ACT will pick up and deliver LFD and Novo DS to site. ACT will mount customer provided wall mount and LFD. ACT will connect network cable to Novo DS for digital signage at each LFD. ACT will perform initial set up of each LFD.,3,$375.00,"$1,125.00",WA,Lake Washington High School
,Invoice,1/20/2020,INV18997,"Remove Activboard and projector. Install new Smart MX275 interactive panel where Activboard was placed. Install includes (2) 25' HDMI, (1) 25' 3.5mm to RCA. ACT will connect the panel to the docking station, document camera and FrontRow amplifier. ACT will connect the ActionTech to the panel for wireless display.",61,$650.00,"$39,650.00",WA,Lake Washington High School
,Invoice,4/21/2020,INV19168,"1 install cancelled at KiMS and added to EHS KiMS - Remove Activboard and projector. Install new Smart MX275 interactive panel where Activboard was placed. Install includes (2) 25' HDMI, (1) 25' 3.5mm to RCA. ACT will connect the panel to the docking station, document camera and FrontRow amplifier. ACT will connect the ActionTech to the panel for wireless display.",2,$650.00,"$1,300.00",WA,Lake Washington School District 414
,Invoice,4/21/2020,INV19174,"1 install cancelled at RHMS and added to EHS RHMS - Remove Activboard and projector. Install new Smart MX275 interactive panel where Activboard was placed. Install includes (2) 25' HDMI, (1) 25' 3.5mm to RCA. ACT will connect the panel to the docking station, document camera and FrontRow amplifier. ACT will connect the ActionTech to the panel for wireless display.",1,$650.00,$650.00,WA,Lake Washington School District 414
,Invoice,4/23/2020,INV19178,ACT exchange program (special),196,$10.00,"$1,960.00",WA,Lake Washington School District 414
,Invoice,4/21/2020,INV19174,ACT Special Program,248,$10.00,"$2,480.00",WA,Lake Washington School District 414
,Invoice,6/30/2020,INV19276,ACT Special Program,70,$10.00,$700.00,WA,Lake Washington School District 414
,Invoice,6/30/2020,INV19277,ACT Special Program,55,$10.00,$550.00,WA,Lake Washington School District 414
,Invoice,2/6/2020,INV19038,"ActivPanel Mobile Stand - For use with current & previous versions of ActivPanel *   *only stand compatible with 65"" panel.",2,$629.00,"$1,258.00",WA,Lake Washington School District 414
,Invoice,2/6/2020,INV19038,"ActivPanel Mobile Stand - For use with current & previous versions of ActivPanel *   *only stand compatible with 65"" panel.",1,$629.00,$629.00,WA,Lake Washington School District 414
,Invoice,4/21/2020,INV19170,Adapter - 90 degree male to female HDMI,300,$0.00,$0.00,WA,Lake Washington School District 414
,Invoice,4/21/2020,INV19170,Adapter - 90 degree male to female HDMI,50,$0.00,$0.00,WA,Lake Washington School District 414
,Invoice,7/22/2020,INV19310,Adapter - 90 degree male to female HDMI,130,$0.00,$0.00,WA,Lake Washington School District 414
,Invoice,5/28/2020,INV19222,"AE Mini Classroom System  Includes 4 ceiling speakers,  Hand held microphone pendant microphone",76,"$1,145.00","$87,020.00",WA,Lake Washington School District 414
,Invoice,6/30/2020,INV19276,"EAS - Remove Activboard and projector. Install new Smart MX275 interactive panel where Activboard was placed. Install includes (1) 25' HDMI, (1) 15' HDMI to DisplayPort, (1) 25' 3.5mm to RCA. ACT will connect the panel to the docking station, document camera and FrontRow amplifier. ACT will connect the ActionTech to the panel for wireless display.",13,$650.00,"$8,450.00",WA,Lake Washington School District 414
,Invoice,4/21/2020,INV19172,EHS - 2 additional installs for EHS,2,$650.00,"$1,300.00",WA,Lake Washington School District 414
,Invoice,4/21/2020,INV19172,"EHS - Remove Activboard and projector. Install new Smart MX275 interactive panel where Activboard was placed. Install includes (2) 25' HDMI, (1) 25' 3.5mm to RCA. ACT will connect the panel to the docking station, document camera and FrontRow amplifier. ACT will connect the ActionTech to the panel for wireless display.",91,$650.00,"$59,150.00",WA,Lake Washington School District 414
,Invoice,6/30/2020,INV19276,"Emerson High - Remove Activboard and projector. Install new Smart MX275 interactive panel where Activboard was placed. Install includes (1) 25' HDMI, (1) 15' HDMI to DisplayPort, (1) 25' 3.5mm to RCA. ACT will connect the panel to the docking station, document camera and FrontRow amplifier. ACT will connect the ActionTech to the panel for wireless display.",10,$650.00,"$6,500.00",WA,Lake Washington School District 414
,Invoice,6/30/2020,INV19276,"Emerson K12 - Remove Activboard and projector. Install new Smart MX275 interactive panel where Activboard was placed. Install includes (1) 25' HDMI, (1) 15' HDMI to DisplayPort, (1) 25' 3.5mm to RCA. ACT will connect the panel to the docking station, document camera and FrontRow amplifier. ACT will connect the ActionTech to the panel for wireless display.",10,$650.00,"$6,500.00",WA,Lake Washington School District 414
,Invoice,6/30/2020,INV19276,"Finn Hill - Remove Activboard and projector. Install new Smart MX275 interactive panel where Activboard was placed. Install includes (1) 25' HDMI, (1) 15' HDMI to DisplayPort, (1) 25' 3.5mm to RCA. ACT will connect the panel to the docking station, document camera and FrontRow amplifier. ACT will connect the ActionTech to the panel for wireless display.",32,$650.00,"$20,800.00",WA,Lake Washington School District 414
,Invoice,8/26/2020,INV19373,Hand Sanitizer Stand (dispenser sold separately),130,$79.20,"$10,296.00",WA,Lake Washington School District 414
,Invoice,4/21/2020,INV19169,"ICS - Remove Activboard and projector. Install new Smart MX275 interactive panel where Activboard was placed. Install includes (2) 25' HDMI, (1) 25' 3.5mm to RCA. ACT will connect the panel to the docking station, document camera and FrontRow amplifier. ACT will connect the ActionTech to the panel for wireless display.",27,$650.00,"$17,550.00",WA,Lake Washington School District 414
,Invoice,6/30/2020,INV19277,"Inglewood - Remove Activboard and projector. Install new Smart MX275 interactive panel where Activboard was placed. Install includes (1) 25' HDMI, (1) 15' HDMI to DisplayPort, (1) 25' 3.5mm to RCA. ACT will connect the panel to the docking station, document camera and FrontRow amplifier. ACT will connect the ActionTech to the panel for wireless display.",55,$650.00,"$35,750.00",WA,Lake Washington School District 414
,Invoice,9/28/2020,INV19444,"Install 55"" LFD with Actiontech at WANIC",2,$375.00,$750.00,WA,Lake Washington School District 414
,Invoice,9/28/2020,INV19449,"Install 55"" LFD with Actiontech at Westpark location.",1,$375.00,$375.00,WA,Lake Washington School District 414
,Invoice,10/13/2020,INV19504,"Juanita High - ACT will remove Activboards, Front Row amps, mics, keyboards, phones and projectors from 3 portables. All hardware  will go the the Annex building in the warehouse. Act will take the Activboards to the recycling. We will pull speaker wires back to be able to separate portable for moving.  1 portable to relocate to Rose Hill El 2 portables to relocate to Twain",3,$325.00,$975.00,WA,Lake Washington School District 414
,Invoice,1/31/2020,INV19048,"KaMS - Remove Activboard and projector. Install new Smart MX275 interactive panel where Activboard was placed. Install includes (2) 25' HDMI, (1) 25' 3.5mm to RCA. ACT will connect the panel to the docking station, document camera and FrontRow amplifier. ACT will connect the ActionTech to the panel for wireless display.",33,$650.00,"$21,450.00",WA,Lake Washington School District 414
,Invoice,2/27/2020,INV19085,"KaMS - Remove Activboard and projector. Install new Smart MX275 interactive panel where Activboard was placed. Install includes (2) 25' HDMI, (1) 25' 3.5mm to RCA. ACT will connect the panel to the docking station, document camera and FrontRow amplifier. ACT will connect the ActionTech to the panel for wireless display.",2,$650.00,"$1,300.00",WA,Lake Washington School District 414
,Invoice,1/31/2020,INV19049,"KiMS - Remove Activboard and projector. Install new Smart MX275 interactive panel where Activboard was placed. Install includes (2) 25' HDMI, (1) 25' 3.5mm to RCA. ACT will connect the panel to the docking station, document camera and FrontRow amplifier. ACT will connect the ActionTech to the panel for wireless display.",32,$650.00,"$20,800.00",WA,Lake Washington School District 414
,Invoice,6/30/2020,INV19276,"Northstar - Remove Activboard and projector. Install new Smart MX275 interactive panel where Activboard was placed. Install includes (1) 25' HDMI, (1) 15' HDMI to DisplayPort, (1) 25' 3.5mm to RCA. ACT will connect the panel to the docking station, document camera and FrontRow amplifier. ACT will connect the ActionTech to the panel for wireless display.",5,$650.00,"$3,250.00",WA,Lake Washington School District 414
,Invoice,2/5/2020,INV19029,"Peerless: Cart -fits 32 -75 ,displays with patterns 200x200mm- 600x400mm. avoid blocking display inputs. Fully welded base structure. Integrated cable management. Maneuvers easily on 4 inch (102mm) swivel casters, 2 locking.",7,$560.00,"$3,920.00",WA,Lake Washington School District 414
,Invoice,7/30/2020,INV19332,"Peerless: Cart -fits 32 -75 ,displays with patterns 200x200mm- 600x400mm. avoid blocking display inputs. Fully welded base structure. Integrated cable management. Maneuvers easily on 4 inch (102mm) swivel casters, 2 locking.",2,$560.00,"$1,120.00",WA,Lake Washington School District 414
,Invoice,9/29/2020,INV19464,"Peerless: Cart -fits 32 -75 ,displays with patterns 200x200mm- 600x400mm. avoid blocking display inputs. Fully welded base structure. Integrated cable management. Maneuvers easily on 4 inch (102mm) swivel casters, 2 locking.",5,$560.00,"$2,800.00",WA,Lake Washington School District 414
,Invoice,2/27/2020,INV19078,"Remove existing Activboards and projectors where needed. ACT will take old equipment back to warehouse. Assemble Peerless cart. Install new Viewsonic panel with on cart. Includes (1) 10' USB-c to HDMI, (1) 10' Mini DP to HDMI. Connect ActionTek to panel using 6' HDMI. Any mobile cart installations will include a power strip.",1,$650.00,$650.00,WA,Lake Washington School District 414
,Invoice,2/27/2020,INV19080,"Remove existing Activboards and projectors where needed. ACT will take old equipment back to warehouse. Assemble Peerless cart. Install new Viewsonic panel with on cart. Includes (1) 10' USB-c to HDMI, (1) 10' Mini DP to HDMI. Connect ActionTek to panel using 6' HDMI. Any mobile cart installations will include a power strip.",1,$650.00,$650.00,WA,Lake Washington School District 414
,Invoice,2/27/2020,INV19079,"Remove existing Activboards and projectors where needed. ACT will take old equipment back to warehouse. Assemble Peerless cart. Install new Viewsonic panel with on cart. Includes (1) 10' USB-c to HDMI, (1) 10' Mini DP to HDMI. Connect ActionTek to panel using 6' HDMI. Any mobile cart installations will include a power strip.",1,$650.00,$650.00,WA,Lake Washington School District 414
,Invoice,2/27/2020,INV19081,"Remove existing Activboards and projectors where needed. ACT will take old equipment back to warehouse. Assemble Peerless cart. Install new Viewsonic panel with on cart. Includes (1) 10' USB-c to HDMI, (1) 10' Mini DP to HDMI. Connect ActionTek to panel using 6' HDMI. Any mobile cart installations will include a power strip.",4,$650.00,"$2,600.00",WA,Lake Washington School District 414
,Invoice,7/30/2020,INV19332,"Remove existing Activboards and projectors where needed. ACT will take old equipment back to warehouse. Assemble Peerless cart. Install new Viewsonic panel with on cart. Includes (1) 10' USB-c to HDMI, (1) 10' Mini DP to HDMI. Connect ActionTek to panel using 6' HDMI. Any mobile cart installations will include a power strip.",2,$650.00,"$1,300.00",WA,Lake Washington School District 414
,Invoice,4/21/2020,INV19173,"Renaissance -Remove Activboard and projector. Install new Smart MX275 interactive panel where Activboard was placed. Install includes (2) 25' HDMI, (1) 25' 3.5mm to RCA. ACT will connect the panel to the docking station, document camera and FrontRow amplifier. ACT will connect the ActionTech to the panel for wireless display.",5,$650.00,"$3,250.00",WA,Lake Washington School District 414
,Invoice,2/27/2020,INV19084,"RHMS - Remove Activboard and projector. Install new Smart MX275 interactive panel where Activboard was placed. Install includes (2) 25' HDMI, (1) 25' 3.5mm to RCA. ACT will connect the panel to the docking station, document camera and FrontRow amplifier. ACT will connect the ActionTech to the panel for wireless display.",48,$650.00,"$31,200.00",WA,Lake Washington School District 414
,Invoice,10/13/2020,INV19505,"Rose Hill El - Install Smart panel, audio and all tech footprint removed from existing rooms in 2 portables coming from Juanita High. Test and commission new systems   Cables included to complete the install:  (2) 25' HDMI cable (panel to document camera and dock) (1) 25' 3.5 stereo cable (audio system to dock) (1) 6' 3.5 stereo cable (panel to audio system) (1) 16' USB cable (panel to dock)  (2) 25' cat 6 (panel to network and dock to network) (1) 6' HDMI (screen beam to panel)  ACT will dispose of trash off site.",2,"$1,225.00","$2,450.00",WA,Lake Washington School District 414
,Invoice,10/13/2020,INV19504,"Rose Hill El - Install Smart panel, audio and all tech footprint removed from existing rooms in 2 portables coming from Juanita High. Test and commission new systems   Cables included to complete the install:  (2) 25' HDMI cable (panel to document camera and dock) (1) 25' 3.5 stereo cable (audio system to dock) (1) 6' 3.5 stereo cable (panel to audio system) (1) 16' USB cable (panel to dock)  (2) 25' cat 6 (panel to network and dock to network) (1) 6' HDMI (screen beam to panel)  ACT will dispose of trash off site.",2,"$1,225.00","$2,450.00",WA,Lake Washington School District 414
,Invoice,10/13/2020,INV19504,Rose Hill Elementary - Remove Smart panel and tech footprint from 4 existing classrooms.,4,$325.00,"$1,300.00",WA,Lake Washington School District 414
,Invoice,1/30/2020,INV19025,SMART Board MX075-V2 Interactive display with IQ and SMART Learning suite. Comes with a mount,86,"$2,718.35","$233,778.10",WA,Lake Washington School District 414
,Invoice,2/17/2020,INV19065,SMART Board MX075-V2 Interactive display with IQ and SMART Learning suite. Comes with a mount,86,"$2,718.35","$233,778.10",WA,Lake Washington School District 414
,Invoice,5/27/2020,INV19216,SMART Board MX075-V2 Interactive display with IQ and SMART Learning suite. Comes with a mount,113,"$2,718.35","$307,173.55",WA,Lake Washington School District 414
,Invoice,5/27/2020,INV19217,SMART Board MX075-V2 Interactive display with IQ and SMART Learning suite. Comes with a mount,44,"$2,718.35","$119,607.40",WA,Lake Washington School District 414
,Invoice,5/27/2020,INV19217,SMART Board MX075-V2 Interactive display with IQ and SMART Learning suite. Comes with a mount,23,"$2,718.35","$62,522.05",WA,Lake Washington School District 414
,Invoice,7/20/2020,INV19302,SMART Board MX075-V2 Interactive display with IQ and SMART Learning suite. Comes with a mount,1,"$2,718.35","$2,718.35",WA,Lake Washington School District 414
,Invoice,11/9/2020,INV19547,SMART Board MX075-V2 Interactive display with IQ and SMART Learning suite. Comes with a mount,172,"$2,718.35","$467,556.20",WA,Lake Washington School District 414
,Invoice,1/30/2020,INV19025,Smart Learning Suite 4yr Extended Maintenance. Priced per quantity.,86,$66.00,"$5,676.00",WA,Lake Washington School District 414
,Invoice,2/17/2020,INV19065,Smart Learning Suite 4yr Extended Maintenance. Priced per quantity.,86,$66.00,"$5,676.00",WA,Lake Washington School District 414
,Invoice,5/27/2020,INV19216,Smart Learning Suite 4yr Extended Maintenance. Priced per quantity.,113,$66.00,"$7,458.00",WA,Lake Washington School District 414
,Invoice,5/27/2020,INV19217,Smart Learning Suite 4yr Extended Maintenance. Priced per quantity.,44,$66.00,"$2,904.00",WA,Lake Washington School District 414
,Invoice,5/27/2020,INV19217,Smart Learning Suite 4yr Extended Maintenance. Priced per quantity.,23,$66.00,"$1,518.00",WA,Lake Washington School District 414
,Invoice,7/20/2020,INV19302,Smart Learning Suite 4yr Extended Maintenance. Priced per quantity.,1,$66.00,$66.00,WA,Lake Washington School District 414
,Invoice,11/9/2020,INV19547,Smart Learning Suite 4yr Extended Maintenance. Priced per quantity.,172,$66.00,"$11,352.00",WA,Lake Washington School District 414
,Invoice,2/27/2020,INV19084,"Stella Schola - Remove Activboard and projector. Install new Smart MX275 interactive panel where Activboard was placed. Install includes (2) 25' HDMI, (1) 25' 3.5mm to RCA. ACT will connect the panel to the docking station, document camera and FrontRow amplifier. ACT will connect the ActionTech to the panel for wireless display.",5,$650.00,"$3,250.00",WA,Lake Washington School District 414
,Invoice,10/13/2020,INV19504,Twain - Remove Smart panel and tech footprint from 3 existing rooms and move to new portables from Juanita,3,$325.00,$975.00,WA,Lake Washington School District 414
,Invoice,10/13/2020,INV19504,"Twain El - Install Smart panel, audio and all tech footprint removed from existing rooms in 3 portables coming from Juanita High. Test and commission new systems   Cables included to complete the install:  (2) 25' HDMI cable (panel to document camera and dock) (1) 25' 3.5 stereo cable (audio system to dock) (1) 6' 3.5 stereo cable (panel to audio system) (1) 16' USB cable (panel to dock)  (2) 25' cat 6 (panel to network and dock to network) (1) 6' HDMI (screen beam to panel)",3,"$1,225.00","$3,675.00",WA,Lake Washington School District 414
,Invoice,1/15/2020,INV18987,Vivitek Novo DS,1,$429.00,$429.00,WA,Lake Washington School District 414
,Invoice,5/28/2020,INV19222,Vivitek Novo DS,4,$429.00,"$1,716.00",WA,Lake Washington School District 414
,Invoice,11/12/2020,INV19562,"West Park - Install new Smart 6275 interactive panel where Activboard was placed. Install includes (1) 25' HDMI, (1) 25' Display port, (1) 25' 3.5mm to RCA. ACT will connect the panel to the docking station, document camera and FrontRow amplifier. ACT will connect the ActionTech to the panel for wireless display.",1,$600.00,$600.00,WA,Lake Washington School District 414
,Invoice,11/10/2020,INV19552,1 Year Subscription to LU+ (12 new activities/year),1,"$1,500.00","$1,500.00",WA,Lakeview Terrace Elem School
,Invoice,6/24/2020,INV19262,"1300-1215 Cable, 7', Cat6, Plenum Rated  3000-0473 Amp, CA-60  3000-0600 Sensor, XD Receiver, SRC14  3010-0103 Power Supply, Wall Mount 24VDC 2A  3100-0601 Mic, AE, XD Teardrop, STD14  3100-0650 Mic, XD Handheld, SHH14,  3110-0012 Charger, Dual USB Wall Mount Charger Block, for XD Mics  3120-0006 Battery Li-iON Battery Pack, 3.7V 700 mAh 2.6 Wh for XD Mics  3200-0002 Cable, 75', Speaker Wire, Plenum Rated  3200-0003 Cable, 50', Speaker Wire, Plenum Rated  3210-0104 Cable, 15',Plenum Power cable w/2 Spade Lugs to bare wires- use w/3010-0103- for CA-60  3210-0206 Cable, 6', USB 2.0 A Male to Micro-USB B Male, for XD Mics  3300-0003 Speaker, Wall, WS-09",2,"$1,830.00","$3,660.00",WA,Lakewood School District 306
,Invoice,6/24/2020,INV19262,ACT installation of BL panel on fixed mount VESA Mount. Installation of Audio system with hard pan ceiling,2,"$1,100.00","$2,200.00",WA,Lakewood School District 306
,Invoice,6/26/2020,INV19264,ACT Turnkey Package Solution A  Teaching and Learning BoxLight  KCDA 18-053,1,$496.44,$496.44,WA,Lakewood School District 306
,Invoice,5/21/2020,INV19204,"BoxLight Procolor 75"" Interactive Flat Panel Ultra High Def 4k resolution with Android. UNPLUGD is included.",2,"$2,769.31","$5,538.62",WA,Lakewood School District 306
,Invoice,6/26/2020,INV19264,"BoxLight Procolor 75"" Interactive Flat Panel Ultra High Def 4k resolution with Android. UNPLUGD is included.   Reference: KCDA Contract #18-053 State Contract Price $4799.00",1,"$2,769.31","$2,769.31",WA,Lakewood School District 306
,Invoice,5/21/2020,INV19204,Boxlight Procolor Integrated module to add 2.4/5GHz wireless and Bluetooth to xx2 series panels,2,$79.00,$158.00,WA,Lakewood School District 306
,Invoice,5/21/2020,INV19205,Boxlight Procolor Integrated module to add 2.4/5GHz wireless and Bluetooth to xx2 series panels,38,$0.00,$0.00,WA,Lakewood School District 306
,Invoice,7/9/2020,INV19295,Boxlight Procolor Integrated module to add 2.4/5GHz wireless and Bluetooth to xx2 series panels,4,$0.00,$0.00,WA,Lakewood School District 306
,Invoice,6/26/2020,INV19264,Boxlight Procolor Integrated module to add 2.4/5GHz wireless and Bluetooth to xx2 series panels   Reference: KCDA Contract #18-053 State Contract Price $78.75,1,$78.75,$78.75,WA,Lakewood School District 306
,Invoice,5/21/2020,INV19204,"BoxLight Procolor-PCMODi5 v2.0 - PC Module 15 IPC 128GBSS WiFi Bluetooth for ProColor 652U, 702U, 752U, 862U interactive flat panels. (Windows license not included)",2,$749.00,"$1,498.00",WA,Lakewood School District 306
,Invoice,6/26/2020,INV19264,"BoxLight Procolor-PCMODi5 v2.0 - PC Module 15 IPC 128GBSS WiFi Bluetooth for ProColor 652U, 702U, 752U, 862U interactive flat panels. (Windows license not included)  Reference: KCDA Contract #18-053 State Contract Price $749.25",1,$749.00,$749.00,WA,Lakewood School District 306
,Invoice,6/8/2020,INV19232,CCES Room 303: LES RM 201 iRover 500²™ for Interactive Flat Panels   Digital Edge Contract ESD112-DE-16A,2,"$1,429.86","$2,859.72",WA,Lakewood School District 306
,Invoice,7/9/2020,INV19295,"CCES Room 504, 204, 409 and LES 201 BoxLight Procolor 75"" Interactive Flat Panel Ultra High Def 4k resolution with Android. UNPLUGD is included.  Reference: KCDA Contract #18-053 State Contract Price $4799.00",4,"$2,769.31","$10,855.70",WA,Lakewood School District 306
,Invoice,7/9/2020,INV19295,"CCES Room 504, 204, 409 and LES 201 BoxLight Procolor-PCMODi5 v2.0 - PC Module 15 IPC 128GBSS WiFi Bluetooth for ProColor 652U, 702U, 752U, 862U interactive flat panels. (Windows license not included)  Reference: KCDA Contract #18-053 State Contract Price $749.25",4,$749.00,"$2,936.08",WA,Lakewood School District 306
,Invoice,7/30/2020,INV19326,"CCES Room 504, 204,409 and LES 201 MimioView 340H Document Camera  Reference: KCDA Contract #18-053 State Contract Price $498.75",4,$299.00,"$1,172.08",WA,Lakewood School District 306
,Invoice,7/30/2020,INV19326,"CCES Room 504, 204,409, 303 and LES 201 ACT Turnkey Package Solution A   KCDA 18-053",5,$496.44,"$2,432.56",WA,Lakewood School District 306
,Invoice,6/24/2020,INV19263,LES and CCES:  ACT Turnkey Package Solution A   KCDA Contract#18-053  .,38,$496.44,"$18,487.43",WA,Lakewood School District 306
,Invoice,5/21/2020,INV19205,"LES and CCES:  BoxLight Procolor 75"" Interactive Flat Panel Ultra High Def 4k resolution with Android. UNPLUGD is included.  Reference: KCDA Contract #18-053 State Contract Price $4799.00 .",38,"$2,769.31","$103,129.11",WA,Lakewood School District 306
,Invoice,5/21/2020,INV19205,"LES and CCES:  BoxLight Procolor-PCMODi5 v2.0 - PC Module 15 IPC 128GBSS WiFi Bluetooth for ProColor 652U, 702U, 752U, 862U interactive flat panels. (Windows license not included)  Reference: KCDA Contract #18-053 State Contract Price $749.25 .",38,$749.00,"$27,892.76",WA,Lakewood School District 306
,Invoice,5/21/2020,INV19205,LES and CCES:  MimioView 340H Document Camera  Reference: KCDA Contract #18-053 State Contract Price $498.75 .,38,$299.00,"$11,134.76",WA,Lakewood School District 306
,Invoice,5/21/2020,INV19204,MimioView 340H Document Camera,2,$299.00,$598.00,WA,Lakewood School District 306
,Invoice,1/23/2020,INV19011,"Peerless: Ceiling plate - 8""x8"" unistrut",1,$0.00,$0.00,WA,Lakewood School District 306
,Invoice,7/30/2020,INV19327,Remove existing Non Interactive Display and mount from the Teaching and Learning Portable. Install Panel in Business Office. Location and Height of Panel will be marked on the wall in the business office. 25' Power cable will be run with from display to closes outlet. Secure with wire tie bases to the wall. Connect 25' HDMI cable to HDMI port 1. Coil cable behind TV and secure to wall so HDMI cannot be pulled out of HDMI port on TV. Secure loop with Velcro.,1,$562.50,$562.50,WA,Lakewood School District 306
,Invoice,8/24/2020,INV19366,SMART Learning Suite 1yr Extension- Priced per qty.  License Renewal of Key Code  NC-2ACSI-AEQQM-7KSEE-SUAAA,121,$66.00,"$7,986.00",WA,Lakewood School District 306
,Invoice,2/6/2020,INV19047,ACT Special Program,1,$10.00,$10.00,WA,Laura Ingalls Wilder Elem Sch
,Invoice,2/6/2020,INV19047,"Room 133 - Remove Activboard and projector. Install new Smart 6275 interactive panel where Activboard was placed. Install includes (1) 25' HDMI, (1) 25' Display port, (1) 25' 3.5mm to RCA. ACT will connect the panel to the docking station, document camera and FrontRow amplifier. ACT will connect the ActionTech to the panel for wireless display.",1,$650.00,$650.00,WA,Laura Ingalls Wilder Elem Sch
,Invoice,11/30/2020,INV19587,ActivConnect OPS - AP PC for Android.,7,$189.00,"$1,323.00",WA,Libby C Booth Elem School
,Invoice,11/30/2020,INV19587,"ActivPanel Nickel 75"" - 1 x Pen, Vesa Mount, WIFI Module & cable pack included. ActivInspire Professional Edition available FOC",7,"$3,525.00","$24,675.00",WA,Libby C Booth Elem School
,Invoice,12/21/2020,INV19612,Assembly of Mobile stand and ActivPanel,7,$335.00,"$2,345.00",WA,Libby C Booth Elem School
,Invoice,11/30/2020,INV19587,Promethean Fixed height mobile stand for use with ActivPanel,7,$499.00,"$3,493.00",WA,Libby C Booth Elem School
,Invoice,10/8/2020,INV19496,"BoxLight Procolor-PCMODi5 v2.0 - PC Module 15 IPC 128GBSS WiFi Bluetooth for ProColor 652U, 702U, 752U, 862U interactive flat panels. (Windows license not included)",1,$749.00,$749.00,WA,Lynden School District 504
,Invoice,10/6/2020,INV19485,ActivInspire Professional Edition - price per device for purchase without ActivHardware. 1-5 devices - MULTI USER,1,$249.00,$249.00,WA,Marysville School District 25
,Invoice,12/3/2020,INV19589,"Samsung 55"" Bet Series Commercial TV Crystal UHD",1,$495.00,$495.00,WA,Marysville School District 25
,Invoice,3/25/2020,INV19131,"Sharp 70"" LCD Display: Brillian 4k-ultra high definition LCD display, led backlighting, rs-232C control capability, built-in 10W per channel stereo audio system, built-in digital tuner, 3-year limited warranty",1,"$1,599.00","$1,599.00",WA,Marysville School District 25
,Invoice,3/25/2020,INV19131,"Wbox Tech 49"" LED 4K TV. High-quality LED TV with LED backlight panel. ATSC Digital tuner. Inputs ports include VGA, HDMI (4), USB.",1,$399.00,$399.00,WA,Marysville School District 25
,Invoice,2/6/2020,INV19045,"Wbox Tech 55"" LED 4K TV. High-quality LED TV with LED backlight panel. ATSC/NTSC digital-analog integrated tuner. HDMI 2.0, supports signal in of 260p@60Hz max. HDMI 4 supports MHL feature. Inputs ports include VGA, YPbPr (component), HDMI (4), AV, Composite, USB. Output ports include earphone and coaxial-OUT.",2,$489.00,$978.00,WA,Marysville School District 25
,Invoice,9/29/2020,INV19466,Installation of 35 Promethean Titanium panels and 35 Audio Enhancement classroom sound systems: ACT will install customer provided panel and classroom audio systems.   ACT will mount the panel in the casework in each classroom. The amplifier will be mounted to the right edge of the panel to be able to access the controls. The receiver will be mounted to the wall right above the casework and connected to the amplifier.  ACT will install (2) 15' HDMI cables and (1) 15' USB cable from the teacher location just outside of the cabinet to the panel. We will drill a hole directly under the panel into the bottom of the case work and another on the side of the casework to get the cables out to the teacher location. We will install desktop grommets to cover holes.  ACT will connect a 3.5mm stereo cable from the audio out of the panel to the receiver above the casework to be able to control panel volume from the microphone.  ACT will provide a surge protector behind the panel to connect the Amplifier and Panel to.  ACT will Asset tag for the District and supply them with locations and serial numbers for hardware.   Act will test system with audio for completion of install.,35,"$1,525.00","$53,375.00",WA,Milne Electric
,Invoice,9/29/2020,INV19466,Installation of Sharp non-interactive displays throughout the building.  ACT will install customer provided displays and mounts in specified locations. No Cables are provided for these displays. There may be a wireless adapter or Apple TV to connect which will be included in this.,5,$475.00,"$2,375.00",WA,Milne Electric
,Invoice,9/24/2020,INV19436,***Optional*** Remove projectors and mounts put in boxes for storage. Store in ACT warehouse until District takes ownership of new district office. Deliver to New Tech Lab  DO RM 121 DO RM 203 (2nd Floor),1,$250.00,$250.00,WA,Monroe School District 103
,Invoice,7/30/2020,INV19325,**Optional**  Installation: Installation of 4 Ceiling mounted speakers in drop tile ceiling. Run new speaker wire as well.,1,$187.50,$187.50,WA,Monroe School District 103
,Invoice,7/30/2020,INV19325,"**Optional**Remove existing amplifier, and speakers in ceiling.",1,$187.50,$187.50,WA,Monroe School District 103
,Invoice,11/11/2020,INV19557,ACT Asbestos Procedures,1,$187.50,$187.50,WA,Monroe School District 103
,Invoice,7/30/2020,INV19325,"ACT Installation of Customer Owned Equipment. ACT will install Panel, Wall Mount, Cable Whip, AMP and Receiver in Classroom. Connect Amp and Receiver to existing cables in the wall as well as HDMI.  Panel height will be a Monroe SD Middle School Level 38"" from floor(at or near whiteboard tray height)  Assumptions:  All Tech Hardware will be located in each classroom. Existing Speaker Cables are long enough to reach Amp/Receiver.  Speaker Cables have been connected correctly to speakers in ceiling.  Existing AV cables will reach inputs on panel. Techs have full access to  classrooms for installation.",1,$562.50,$562.50,WA,Monroe School District 103
,Invoice,11/11/2020,INV19557,"ACT Installation of Sky Valley Annex E2. Install Rainier Wall mount, Panel, audio and wall speakers.  Install cable whip audio, wall speakers   Install panel on west wall. Rt Edge of Panel to be 6"" from grey surface mount raceway. Audio system  to be mounted  with Monroe standard. Wall speakers on front of classroom west wall and rear of classroom east wall. Surface Mount Raceway for speaker wire to to all speakers. There is a some beams so corners Panduit Corners will be needed.",1,"$1,125.00","$1,125.00",WA,Monroe School District 103
,Invoice,9/24/2020,INV19436,ACT Installation SUPERS OFFICE of LG Display from DO RM 125 At District office.  Install panel on West wall 55' from floor. Run two HDMI Cables from to Jacks on opposite wall for desk and conference room.,1,$500.00,$500.00,WA,Monroe School District 103
,Invoice,9/24/2020,INV19437,"ACT will delivered IROVER Cart, Assemble Cart, install Panel, Cable Whip, AMP Receiver and classroom speakers, and speaker wire. Run speaker wire up with surface mount raceway.",1,$975.00,$975.00,WA,Monroe School District 103
,Invoice,9/24/2020,INV19439,"ACT will install Panel, Wall Mount, Cable Whip, AMP Receiver and classroom speakers, and speaker wire. Run speaker wire up with surface mount raceway.",1,$975.00,$975.00,WA,Monroe School District 103
,Invoice,7/30/2020,INV19329,"Chain Lake: ACT Pickup Equipment from District Warehouse, Delivery and Installation of Customer Owned Equipment. ACT will install Panel, Wall Mount, Cable Whip, AMP Receiver and classroom speakers, and speaker wire.  Connect Amp and Receiver to existing cables in the wall as well as HDMI.  Panel height will be set per location.  Assumptions:  All AV in walls will be in working order. ACT will need to run new speaker wire Existing AV cables will reach inputs on panel. Techs have full access to  classrooms for installation.",1,"$1,125.00","$1,125.00",WA,Monroe School District 103
,Invoice,9/24/2020,INV19440,Frank Wagner: RM 131 - Relocate Amp Receiver and cabling to keep out of reach of the students in this classroom. Kieth will give final height prior to work commencing.,1,$62.50,$62.50,WA,Monroe School District 103
,Invoice,9/24/2020,INV19440,"Frank Wagner: RM 132 - raise Boxlight panel to 33"" from floor, relocating amplifier/voice enhancement boxes and cable management",1,$375.00,$375.00,WA,Monroe School District 103
,Invoice,7/30/2020,INV19329,"HRMS Chain Lake: Remove existing panel, wall mount, Amp, Receiver  and Speakers. Box all equipment for future install at Chain Lake. Deliver all equipment to District Warehouse for storage until installation is requested.",1,$625.00,$625.00,WA,Monroe School District 103
,Invoice,9/8/2020,INV19398,"HRMS Monroe HS: Remove existing panel, wall mount, Amp, Receiver and Speakers. Box all equipment for future install at Chain Lake. Deliver all equipment to District Warehouse for storage until installation is requested.",1,$625.00,$625.00,WA,Monroe School District 103
,Invoice,7/30/2020,INV19325,"HRMS Portable 1: Remove existing panel, wall mount. Leave existing internal cabling in place inside portable. Deliver equipment to HRMS new addition upstairs small learning conference room.  Two Techs",1,$437.50,$437.50,WA,Monroe School District 103
,Invoice,9/24/2020,INV19436,"Installation of 85"" Non interactive TV on South Wall to the left of windows. Install 38"" center on individual wall. with Articulating wall mount.",1,$562.50,$562.50,WA,Monroe School District 103
,Invoice,9/24/2020,INV19437,iRover²™ for Interactive Flat Panels 500,1,"$1,162.00","$1,162.00",WA,Monroe School District 103
,Invoice,1/6/2020,INV18982,JCO FOR HIDDEN RIVER MS. ACT to send one technician with applicable Phoenix Connectors to connect existing audio systems in 6 classrooms.   2 Hour Minimum,1,$212.50,$212.50,WA,Monroe School District 103
,Invoice,9/8/2020,INV19398,"Monroe HS: ACT Pickup Equipment from District Warehouse, Delivery and Installation of Customer Owned Equipment. ACT will install Panel, Wall Mount, Cable Whip, AMP Receiver and classroom speakers, and speaker wire.  Connect Amp and Receiver to existing cables in the wall as well as HDMI.  Panel height will be set per location.  Assumptions:  All AV in walls will be in working order. ACT will need to run new speaker wire Existing AV cables will reach inputs on panel. Techs have full access to  classrooms for installation.",1,"$1,125.00","$1,125.00",WA,Monroe School District 103
,Invoice,9/24/2020,INV19436,"New District Office:  ACT will install Panel, Wall Mount, Cable Whip, AMP Receiver and classroom speakers, and speaker wire.  Connect Amp and Receiver to existing cables in the wall as well as HDMI.  Panel height will be set per location.  RM-TECH: North Wall 38"" Center on wall install audio RM -TECH Director: West Wall 38"" Center on wall install audio RM- Medium Conf Rom (North of Supers Office) North Wall 38"" Center on wall install audio",3,$975.00,"$2,925.00",WA,Monroe School District 103
,Invoice,9/24/2020,INV19436,"New District Office: Panel only install on East Wall quantity 3 of Board Room.   RM-Large Conf Room EAST Wall (3 locations) 38"" from floor and center on individual walls   NO AUDIO OR SPEAKERS TO BE INSTALLED",3,$562.50,"$1,687.50",WA,Monroe School District 103
,Invoice,9/24/2020,INV19436,"Old District Office: Remove existing panel, wall mount, Amp, Receiver and Speakers.  Store in ACT warehouse until District takes ownership of new district office.  District Office: RM-121 RM-125 RM-203",3,$500.00,"$1,500.00",WA,Monroe School District 103
,Invoice,9/24/2020,INV19439,Portable 2 - Remove Boxlight panel and accompanying audio enhancement system including speakers to install in CTE portable at Monroe High School at a later date. Store equipment in existing portable after removal.,1,$500.00,$500.00,WA,Monroe School District 103
,Invoice,9/24/2020,INV19437,Portable 3 - Remove Boxlight panel and accompanying audio enhancement system to install the panel on portable cart (this is a new cart supplied as part of this quote) for use at another TBD site.,1,$500.00,$500.00,WA,Monroe School District 103
,Invoice,4/28/2020,INV19184,"ProColor Integrated PC Module - I7 IPC v2.1 - 256GBSS, WIFI, Bluetooth  **(Windows license not included) .",1,"$1,129.00","$1,129.00",WA,Monroe School District 103
,Invoice,12/15/2020,INV19604,"ProColor Integrated PC Module - I7 IPC v2.1 - 256GBSS, WIFI, Bluetooth for ProColor 652U, 702U, 752U, and 862U Interactive Flat Panels. Windows license not included)",1,"$1,229.00","$1,229.00",WA,Monroe School District 103
,Invoice,9/24/2020,INV19436,Remove LG Panel and wall Mount.Store in ACT warehouse until District takes ownership of new District Office. Deliver to new District Office.,1,$250.00,$250.00,WA,Monroe School District 103
,Invoice,10/26/2020,INV19534,Sky Valley Service Call for AE system that is not working.   Time and Material with a 2 hour minimum,2,$115.00,$230.00,WA,Monroe School District 103
,Invoice,9/24/2020,INV19436,TRUTOUCH 850NT Ultra-HD LED Display (No Touch),1,"$2,874.00","$2,874.00",WA,Monroe School District 103
,Invoice,11/11/2020,INV19557,"Wagner Center RM#6: Remove existing panel, wall mount, Amp, Receiver and Speakers. Box all equipment for future install at Chain Lake. Deliver all equipment to ACT Warehouse for storage until installation is requested at Sky Valley. Deliver to Sky Valley.",1,$500.00,$500.00,WA,Monroe School District 103
,Invoice,9/24/2020,INV19436,"Wagner Center: Remove existing panel, wall mount, Amp, Receiver and Speakers.  Store in ACT warehouse until District takes ownership of new District Office. Deliver to new District Office.  Wagner Center: RM-12 RM-14 RM-10 Tech office .",3,$500.00,"$1,500.00",WA,Monroe School District 103
,Invoice,3/4/2020,INV19097,"ACT Installation of  ONE Interactive panel on fixed height wall mount. HDMI and USB cable will be secured with Velcro and left coiled behind panel.   Customer to provide install location address, room number, wall location and panel height from floor to bottom of panel.    ACT not responsible for painting or patching. Multiple panel installs at a single location will lower installation price.",1,$475.00,$475.00,WA,Mortgage Lending Group
,Invoice,1/30/2020,INV19020,"BoxLight Procolor 75"" Interactive Flat Panel Ultra High Def 4k resolution with Android. UNPLUGD is included.  Included in price: *Boxlight Procolo Wifi Module *Wall Mount 003 Vesa  *5 year warranty included",1,"$2,770.00","$2,770.00",WA,Mortgage Lending Group
,Invoice,10/1/2020,INV19478,NEC NP13LP Projector lamp,2,$105.00,$210.00,WA,Moses Lake School District 161
,Invoice,2/17/2020,INV19063,ACT installation of Pro Color panel on Fixed Height VESA Mount.,1,$425.00,$425.00,WA,Muckleshoot Indian Tribe
,Invoice,1/30/2020,INV19022,"BoxLight Procolor 75"" Interactive Flat Panel Ultra High Def 4k resolution with Android. UNPLUGD is included.  *includes WiFi Module",1,"$3,599.00","$3,599.00",WA,Muckleshoot Indian Tribe
,Invoice,6/23/2020,INV19259,"ActivPanel Titanium 75"" - 4 x Pen, Vesa Mount, WIFI Module & cable pack included. ActivInspire Professional Edition available FOC",12,"$3,480.00","$41,760.00",WA,Mukilteo School District 6
,Invoice,6/5/2020,INV19230,HoverCam Solo 8+,12,$326.55,"$3,918.60",WA,Mukilteo School District 6
,Invoice,10/13/2020,INV19503,"Install 4 Activpanels, PC's and document cameras in the following new portable classrooms.  Explorer – 4 classrooms with standard wall mount   ACT will take delivery of the panels and deliver to the site for installation. We will pick up the other components from Technology to complete the installs.",4,$735.00,"$2,940.00",WA,Mukilteo School District 6
,Invoice,10/13/2020,INV19503,"Install 8 Activpanels, PC's and document cameras in the following new portable classrooms.  OP – 2 classrooms with balance box mount OE – 2 classrooms with balance box mount MA – 4 classrooms with standard wall mount  ACT will take delivery of the panels and deliver to the sites for installation. We will pick up the other components from Technology to complete the installs.",8,$735.00,"$5,880.00",WA,Mukilteo School District 6
,Invoice,9/15/2020,INV19422,"Mobile Stand for Procolor panels, includes PROCOLOR-WALLMOUNT-002",5,$565.00,"$2,825.00",WA,Mukilteo School District 6
,Invoice,9/28/2020,INV19459,"Promethean pen for ActivPanel V6 65"" 70"" & 75"" (thick nib) - NON 86""",10,$10.00,$100.00,WA,Mukilteo School District 6
,Invoice,1/22/2020,INV19005,Promethean Professional Development - Onsite EC extension for 8 months,8,"$7,500.00","$60,000.00",WA,Mukilteo School District 6
,Invoice,7/20/2020,INV19301,Promethean Professional Development - Onsite Educational Consultant extension for 12 months,1,"$90,000.00","$90,000.00",WA,Mukilteo School District 6
,Invoice,10/29/2020,INV19540,Remove V 4.5 panels from TLC to be retired and install 4 new V7 panels.  Includes removal and transport to District office.,4,$650.00,"$2,600.00",WA,Mukilteo School District 6
,Invoice,10/29/2020,INV19540,Remove V6 panels from District office and install new V7 panels in place. V6 panels go to Explorer Middle School Includes removal and transport to Explorer.,4,$650.00,"$2,600.00",WA,Mukilteo School District 6
,Invoice,6/11/2020,INV19244,Safari Montage 9 - 12 Super Core Content Renewal  Includes: CORE 9-12 Content Package (Renewal) 9-12 Expansion Content Package (Renwal)  Renewal Period: 07/01/2020 - 06/30/2021,2,"$2,195.00","$4,390.00",WA,Mukilteo School District 6
,Invoice,6/11/2020,INV19244,Safari Montage Channel Guide Setup w/Year Subscription 11-25 schools  Renewal Period: 07/01/2020 - 06/30/2021  Contract #3784,1,"$1,000.00","$1,000.00",WA,Mukilteo School District 6
,Invoice,6/11/2020,INV19244,Safari Montage Interoperability Support Services (Annual) Renewal  Renewal Period: 07/01/2020 - 06/30/2021,1,"$19,125.00","$19,125.00",WA,Mukilteo School District 6
,Invoice,6/11/2020,INV19244,Safari Montage K-8 Super Core Content Package  Includes: CORE K-8 Content Package (Renewal) K-8 Expansion Content Package (Renewal),17,"$1,250.00","$21,250.00",WA,Mukilteo School District 6
,Invoice,6/11/2020,INV19244,"Safari Montage Managed Home Access, per school per year  Renewal Period: 07/01/2020 - 06/30/2021",19,$100.00,"$1,900.00",WA,Mukilteo School District 6
,Invoice,6/11/2020,INV19244,SAFARI Montage Master SUP & IPTV Annual Renewal  Renewal Period: 08/02/2020 - 08/01/2021 Contract #4119,19,$500.00,"$9,500.00",WA,Mukilteo School District 6
,Invoice,7/20/2020,INV19303,Service replacement of AP6-EXT-INPUT (USB) for activpanel  SN: 675F-172Z3A8090478  Per Quote 01050003,1,$430.00,$430.00,WA,Mukilteo School District 6
,Invoice,9/15/2020,INV19418,"Install balancebox and screen so bottom of screen is 42” from floor at top of range  Connect AC to power outlet below and tack cable neatly to wall.  Connect USB and HDMI to screen, run in raceway to surface mount box below, connect to faceplate.  Provide 10’ USB and HDMI and cover in 9’ of flexwrap to make cable whip  Deliver PadCaster Studio and time of install",1,$750.00,$750.00,WA,Multicultral Child and Family Hope Center
,Invoice,8/19/2020,INV19359,PadCaster Studio - compatible with iPad Air 10.5 Includes: Padcaster Case; Unidirectional Microphone Kit; Stick Microphone Kit; Lavalier Microphone Kit; Dual Microphone/Headphone Splitter; Multi-function Wide Angle/Macro Lens Telephoto Lens; Fluid Head; Tripod/Monopod; Tripod Dolly Wheels; LED Light; 5’x7’ portable Green Screen with carry case and stand; Parrot Teleprompter with bluetooth; Remote Control and Cleaning Kit; Light-blocking Supershade; Padded Camera Backpack,1,"$1,799.00","$1,799.00",WA,Multicultral Child and Family Hope Center
,Invoice,8/19/2020,INV19359,"SMART 75"" V2 Interactive Flat Panel 7000 Series. Smart 75"" Interactive Flat Panel 7000 Series with iQ and SMART Learning Suite.  4K Ultra HD video resolution with HDMI 2.0. Object awareness™ technology recognizes when you’re using a finger (touch/drag), pen (write) or fist (erase). SMART ink™ makes notes easy to read, and allows writing to be converted to text and inserted into applications like Microsoft Office®. SilkTouch™ ensures a smooth, comfortable touch experience - Integration with tablets and phones, including Chromebooks using SMART software. ENERGY STAR® certification saves on energy costs",1,"$5,199.00","$5,199.00",WA,Multicultral Child and Family Hope Center
,Invoice,9/28/2020,INV19448,"P104F - Remove Smart panel, mount, cables and tech footprint. P4 - Install Smart panel and tech hardware. Test system.",1,$600.00,$600.00,WA,Norman Rockwell Elem School
,Invoice,9/28/2020,INV19448,"P133A - Remove Smart panel, mount, cables and tech footprint. P3 - Install Smart panel and tech hardware. Test system.",1,$600.00,$600.00,WA,Norman Rockwell Elem School
,Invoice,11/12/2020,INV19561,Room 132A/133A - Relocate Smart panel in room from end wall to new center of classroom. Run longer audio cable to amp and longer data cable to reach new location.,1,$600.00,$600.00,WA,Norman Rockwell Elem School
,Invoice,7/23/2020,INV19313,ACT Display Port Full Service Package  Reference: State Contract KCDA -Bid #18-053 Integrated Technology Service Rate: $125 per hour  **Please send PO to KCDA and copy ACT on the email**,23,$739.71,"$16,673.06",WA,North Tapps Middle School
,Invoice,7/23/2020,INV19313,ACT Display Port Full Service Package Conference Room Panels  Reference: State Contract KCDA -Bid #18-053 Integrated Technology Service Rate: $125 per hour  **Please send PO to KCDA and copy ACT on the email**,3,$739.71,"$2,174.75",WA,North Tapps Middle School
,Invoice,7/23/2020,INV19313,"Optional Service: Remove existing Smart board, projector, mount and cables to ceiling face plate. Take old equipment to district provided room in building. Facilities will pick up old equipment at a later date.   Reference:  State Contract KCDA -Bid #17-053 Integrated Technology Service Rate: $125 per hour .",1,"$2,875.00","$2,817.50",WA,North Tapps Middle School
,Invoice,7/23/2020,INV19313,"Optional Service: Remove Existing Whiteboards and move to the left and right to accommodate 75"" Interactive Flat Panel. If space is limited IFP may overlap inner edges of recently moved whiteboards. If whiteboards are glued, they will not be moved and the IFP will be installed over the whiteboard. ACT not responsible for holes in whiteboard, and customer will not be charged for whiteboard move. ACT will not be responsible for painting and patching related to whiteboards being moved.  Reference:  State Contract KCDA -Bid #17-053 Integrated Technology Service Rate: $125 per hour",10,$187.50,"$1,837.50",WA,North Tapps Middle School
,Invoice,5/27/2020,INV19213,SMART Board 6075S C1 interactive display with iQ and SMART Learning Suite,23,"$4,278.00","$96,426.12",WA,North Tapps Middle School
,Invoice,8/18/2020,INV19352,"SMART ToolSense multicolor 4-pen bundle (orange, purple, green, blue) with magnetic penwell",6,$0.00,$0.00,WA,North Tapps Middle School
,Invoice,7/22/2020,INV19307,ActivConnect OPS - AP PC for Android.,38,$162.00,"$6,156.00",WA,Northshore School District 417
,Invoice,9/24/2020,INV19434,ActivConnect OPS - AP PC for Android.,2,$162.00,$324.00,WA,Northshore School District 417
,Invoice,7/22/2020,INV19307,"ActivPanel Titanium 75"" - 4 x Pen, Vesa Mount, WIFI Module & cable pack included. ActivInspire Professional Edition available FOC",38,"$3,495.00","$132,810.00",WA,Northshore School District 417
,Invoice,9/24/2020,INV19434,"ActivPanel Titanium 75"" - 4 x Pen, Vesa Mount, WIFI Module & cable pack included. ActivInspire Professional Edition available FOC",2,"$3,495.00","$6,990.00",WA,Northshore School District 417
,Invoice,4/28/2020,INV19179,AE Infrared Teardrop MTD-09 SAFE Enabled,30,$200.00,"$6,000.00",WA,Northshore School District 417
,Invoice,3/17/2020,INV19116,"AE Microphone XD Handheld Mic Kit - includes  XD-0801 XD Handheld SHH14 XD-5001 Li-iON Battery Pack, 3.7V 700 mAh 2.6Wh  XD-5021 6' USB 2.0 A Male to Micro USB B Male XD",1,$200.00,$200.00,WA,Northshore School District 417
,Invoice,3/17/2020,INV19116,AE Microphone XD Teacher Mic Kit - includes XD-0701 AE XD Teardrop STD14 Mic XD-5011 Dual USB Wall Mount Charger Block XD  XD-5021 6' USB 2.0 A Male to Micro USB B Male XD XD-5001 Li-iON Battery Pack 3.7V 700 mAh 2.6Wh,1,$200.00,$200.00,WA,Northshore School District 417
,Invoice,7/28/2020,INV19320,"AE Sentinel Classroom System  Includes 4 Ceiling speakers, Handheld mic, Teardrop mic and chargers.",36,"$1,295.00","$46,620.00",WA,Northshore School District 417
,Invoice,9/24/2020,INV19434,Audio Enhancement Sentinel XD System Pal - 4 Ceiling Speakers (KIT) SP-9104 CS-12 (4) Ceiling Speaker Kit  SP-0001 CS-12 Ceiling Speaker Plenum Tile Bridge AC-0002 75' Plenum Speaker Wire  AC-0003 50' Plenum Speaker Wire  XD-9001 XD Receiver with 3' cat6 kit  XD-0601 Sensor AE Logo XD Receiver SRC14 AC-0102 3' cat6 Plenum black  XD-9025 Microphone XD Teardrop Mic Kit  XD-0701 AE XD Teardrop STD14 XD-5011 Dual USB Wall Mount Charger Block XD XD-5021 6' USB 2.0 A Male to Micro-USB B Male XD XD-5001 Li-iON Battery Pack 3.7V 700 mAh 2.6 Wh AM-9001 CA-60A Amp Kit AC-1002 Power Supply Wall Mount 24VDC 2A AC-1003 15' plnm Power Cable Spade Lug  AM-0102 CA-60A  XD-9050 XD Handheld Kit  XD-0801 XD Handheld SHH14 XD-5001 Li-iON Battery Pack 3.7V 700 mAh 2.6Wh XD-58021 6' USB 2.0 A Male to Micro USB B Male XD,2,"$1,295.00","$2,590.00",WA,Northshore School District 417
,Invoice,3/17/2020,INV19115,Battery Li-iON Battery Pack for XD Mics. 3.7V 700 mAh 2.6Wh,5,$12.00,$60.00,WA,Northshore School District 417
,Invoice,4/28/2020,INV19179,Microphone Charger AEBC-16,30,$0.00,$0.00,WA,Northshore School District 417
,Invoice,7/22/2020,INV19307,"Sharp 70"" LCD Display: Brillian 4k-ultra high definition LCD display, led backlighting, rs-232C control capability, built-in 10W per channel stereo audio system, built-in digital tuner, 3-year limited warranty",5,"$1,749.99","$8,749.95",WA,Northshore School District 417
,Invoice,1/30/2020,INV19021,**Included** Boxlight Procolor Integrated module to add 2.4/5GHz wireless and Bluetooth to xx2 series panels,2,$0.00,$0.00,WA,Northwest ESD 189
,Invoice,9/28/2020,INV19447,"ACT Installation P7: Install customer owned  boxlight panel on fixed wall mount, height 36"" from floor. Center panel on West wall with Teacher Station on RH side. Install ACT Cable Kit with face plate. Utilize existing face plate and conduit (if possible) Secure power cable to wall with base.   Remove existing data cable face plate in ceiling and rerun behind panel so IT can connect data to panel. If possible fish wall, if not use surface mount raceway and box. Color of FP is TAN not white.   **Assumption is that existing data cable is long enough to reroute to new location behind panel.",1,$525.00,$525.00,WA,Northwest ESD 189
,Invoice,9/28/2020,INV19447,"ACT Installation P8: Install customer owned  boxlight panel on fixed wall mount, height 36"" from floor. Center panel on West wall with Teacher Station on RH side. Install ACT Cable Kit with face plate. Utilize existing face plate and conduit (if possible) Secure power cable to wall with base.   Remove existing data cable face plate in ceiling and rerun behind panel so IT can connect data to panel. If possible fish wall, if not use surface mount raceway and box. Color of FP is TAN not white.   **Assumption is that existing data cable is long enough to reroute to new location behind panel .",1,$525.00,$525.00,WA,Northwest ESD 189
,Invoice,9/28/2020,INV19447,"BoxLight Procolor 75"" Interactive Flat Panel Ultra High Def 4k resolution with Android. UNPLUGD is included.",1,"$2,900.00","$2,900.00",WA,Northwest ESD 189
,Invoice,1/30/2020,INV19021,"BoxLight Procolor 75"" Interactive Flat Panel Ultra High Def 4k resolution with Android. UNPLUGD is included.   ***5 year warranty included with panel*** .",2,"$2,999.00","$5,998.00",WA,Northwest ESD 189
,Invoice,9/28/2020,INV19447,Boxlight Procolor Integrated module to add 2.4/5GHz wireless and Bluetooth to xx2 series panels,1,$0.00,$0.00,WA,Northwest ESD 189
,Invoice,9/28/2020,INV19447,Boxlight Procolor Integrated module to add 2.4/5GHz wireless and Bluetooth to xx2 series panels   ***Optional****For use with existing BoxLight Panel onsite,1,$79.00,$79.00,WA,Northwest ESD 189
,Invoice,9/28/2020,INV19447,"Panel Removal: ACT to remove panel, wall mount, from main bldg.  Leave cables and face plate in place  Deliver panel to new Portable RM 7 (located on same campus)  **Prevailing Wage**",1,$157.50,$157.50,WA,Northwest ESD 189
,Invoice,10/13/2020,INV19510,"PROCOLOR 75"" IR UHD/4K ANDROID IFP | Includes WIFI and WALLMOUNT in Panel Box. Includes MimioStudio (with 5 Years of MimioMobile), Qwizdom Oktopus, Qwizdom GameZones, Oktopus Blend, and MimioConnect (1-Year Premium/2 Years Basic), and Online Training",1,"$2,900.00","$2,900.00",WA,Northwest ESD 189
,Invoice,10/28/2020,INV19537,Verkada 5 Year License,5,$592.20,"$2,961.00",WA,Northwest School for the Hearing-Impaired Children
,Invoice,10/28/2020,INV19537,Verkada CD41 Indoor Camera. 5MP. Fixed Lens. 30 days of storage,2,$565.58,"$1,131.16",WA,Northwest School for the Hearing-Impaired Children
,Invoice,10/28/2020,INV19537,Verkada CD41 Outdoor Camera. 5MP. Fixed Lens. 30 days of storage,1,$707.16,$707.16,WA,Northwest School for the Hearing-Impaired Children
,Invoice,10/28/2020,INV19537,Verkada CD51 Outdoor Camera. 5MP. Zoom Lens. 30 days of storage,1,$848.73,$848.73,WA,Northwest School for the Hearing-Impaired Children
,Invoice,10/28/2020,INV19537,Verkada Indoor/Outdoor Fisheye Camera. 12MP. Fixed Lens. 30 days of storage,1,"$1,344.24","$1,344.24",WA,Northwest School for the Hearing-Impaired Children
,Invoice,9/28/2020,INV19451,"ACT will deliver and install the Smart panel, classroom sound system with ceiling speakers, phone, docking station, wireless keyboard and mouse, document camera and screen beam in the new classrooms. We will install the new cabling to connect the Smart panel from the audio system, docking station and document camera.   We will document all asset tags for the presentation equipment. We will document the Mac address, room number and the wall plate port number  for the phone.   ACT will update the Smart panels, connect them to the network and commission the system.  Cables included to complete the install:  (1) 25' HDMI cable (panel to document camera) (1) 15' DisplayPort to HDMI from panel to docking station (1) 25' 3.5 stereo cable (audio system to dock) (1) 6' 3.5 stereo cable (panel to audio system) (1) 16' USB cable (panel to dock) (1) surge protector with 10' cord (2) 25' cat 6 (panel to network and dock to network) (1) 6' HDMI (screen beam to panel) (2) 1 hole plates. One for behind panel and one for teaching location  ACT will dispose of trash off site.",10,"$1,625.00","$16,250.00",WA,Old Redmond Schoolhouse Community Center
,Invoice,10/14/2020,INV19511,ACT will remove miscellaneous tech equipment fro Dickinson and re install at ORSH. ACT will also pick up miscellaneous tech equipment at warehouse and install at ORSH in specified rooms. Based on list of inventory from Brad.  Time and Material not to exceed,1,"$2,550.00","$2,550.00",WA,Old Redmond Schoolhouse Community Center
,Invoice,9/28/2020,INV19451,Installation of Large format display in specified locations. ACT will pick up and deliver LFD and Action Tech to site. ACT will mount customer provided wall mount and LFD. ACT will perform initial set up of each LFD.,4,$325.00,"$1,300.00",WA,Old Redmond Schoolhouse Community Center
,Invoice,9/28/2020,INV19451,Installation of Large format display in specified locations. ACT will pick up and deliver LFD and Novo DS to site. ACT will mount customer provided wall mount and LFD. ACT will connect network cable to Novo DS for digital signage at each LFD. ACT will perform initial set up of each LFD.,1,$375.00,$375.00,WA,Old Redmond Schoolhouse Community Center
,Invoice,9/28/2020,INV19451,"Remove 8 existing classroom tech footprints including Smart panels, audio system, docking station, doc cam, wireless keyboard and mouse from Old Dickinson and move to Old Redmond School House",8,$325.00,"$2,600.00",WA,Old Redmond Schoolhouse Community Center
,Invoice,10/14/2020,INV19511,"Sped room 121 - ACT will deliver and install the Smart panel, classroom sound system, phone, docking station, wireless keyboard and mouse, document camera and screen beam in the new classrooms. We will install the new cabling to connect the Smart panel from the audio system, docking station and document camera.   We will document all asset tags for the presentation equipment. We will document the Mac address, room number and the wall plate port number  for the phone.   ACT will update the Smart panels, connect them to the network and commission the system.  Cables included to complete the install: (1) 25' DisplayPort cable (panel to dock) (1) 25' HDMI cable (panel to document camera) (1) 25' 3.5 stereo cable (audio system to dock) (1) 6' 3.5 stereo cable (panel to audio system) (1) 16' USB cable (panel to dock) (1) surge protector with 25' cord (2) 25' cat 6 (panel to network and dock to network) (1) 6' HDMI (screen beam to panel)  ACT will dispose of trash off site.   ACT will update the Smart panels, connect them to the network and commission the system.  Cables included to complete the install: (1) 25' DisplayPort cable (panel to dock) (1) 25' HDMI cable (panel to document camera) (1) 25' 3.5 stereo cable (audio system to dock) (1) 6' 3.5 stereo cable (panel to audio system) (1) 16' USB cable (panel to dock) (1) surge protector with 25' cord (2) 25' cat 6 (panel to network and dock to network) (1) 6' HDMI (screen beam to panel)  ACT will dispose of trash off site.",1,"$1,625.00","$1,625.00",WA,Old Redmond Schoolhouse Community Center
,Invoice,7/27/2020,INV19315,AE CS-12 Ceiling Speaker Kit (4) SP-0001: CS-12 Ceiling Speaker Plenum Tile Bridge (4 each)  AC-0002: 75' Speaker Wire Plenum Rated (1 each)  AC-0003: 50' Speaker Wire Plenum Rated (1 each),9,$186.00,"$1,674.00",WA,Olympia High School
,Invoice,7/27/2020,INV19315,"AE Dome Sensor, IR-Satellite Receiver TLD100 w/adapter",9,$500.00,"$4,500.00",WA,Olympia High School
,Invoice,7/27/2020,INV19315,AE IR Microphone Micro Teardrop Kit,19,$170.00,"$3,230.00",WA,Olympia High School
,Invoice,7/27/2020,INV19315,AE MS-300 Network Interface with 7' Cat6 Cable & 3.5 to RCA Cables (kit)  AC-0103 7' Cat6 Plenum Rated - Black (1 each) AC-2058 6' 3.5 male to 2 RCA male Y adapter (1 each)  AM-0301 MS-300 Network Interface (1 each),19,$395.00,"$7,505.00",WA,Olympia High School
,Invoice,7/27/2020,INV19315,"Audio Enhancement 50' Cat6, Plenum Rated - Black",9,$34.00,$306.00,WA,Olympia High School
,Invoice,7/27/2020,INV19315,"Audio Enhancement CA-60 Amplifier, Power Supply & Power Cable with Spade Lugs Only AC-1002: Power Supply Wall Mount 24VDC 2A (1 each)  AC-1003: 15' Plenum Power Cable Spade Lug (1 each)  AM-0102: CA-60A Classroom Amplifier (1 each)",10,$187.00,"$1,870.00",WA,Olympia High School
,Invoice,10/13/2020,INV19502,"Certified Professional Installation of speakers, sensor, amp and network device. Connect amp to power and network device to POE, to be provided by owner.",19,$690.00,"$13,110.00",WA,Olympia High School
,Invoice,7/30/2020,INV19328,"Certified Professional Installation -  Certified Professional removal of existing Epson projectors to be replaced with Epson Brightlink 1485Fi. .  Act will remove existing projector with mount and place it storage location (specified by customer) on site.  Act will install new projector w/mount in desired location, connect cabling, install new faceplate, calibrate and test new unit prior to leaving.  Touch calibration requires a flat surface with no more than 5mm of variance, ACT will calibrate touch as close to spec as the surface allows. ACT is not responsible for the plane of projection surface.   **Rooms 101, 103, 104, 201 & 205**",5,$700.00,"$3,500.00",WA,Open Window School
,Invoice,9/8/2020,INV19397,ACT Service  Delivery of 2 SMART Panels and 3 iRover Carts to school. ACT will assemble the 2 new panels and 1 existing panel with the 3 new carts,3,$300.00,$900.00,WA,Our Lady of Fatima School
,Invoice,9/8/2020,INV19397,iRover²™ for Interactive Flat Panels 500,3,"$1,162.00","$3,486.00",WA,Our Lady of Fatima School
,Invoice,9/8/2020,INV19397,SMART Board MX075-V2 Interactive display with IQ and SMART Learning suite. Comes with a mount,2,"$3,999.00","$7,998.00",WA,Our Lady of Fatima School
,Invoice,8/6/2020,INV19344,Verkada 1 Year License,3,$179.10,$537.30,WA,Our Lady of Fatima School
,Invoice,8/6/2020,INV19343,Verkada 1 Year License,1,$179.10,$179.10,WA,Our Lady of Fatima School
,Invoice,8/6/2020,INV19344,Verkada CD51 Indoor Camera. 5MP. Zoom Lens. 30 days of storage,2,$899.10,"$1,798.20",WA,Our Lady of Fatima School
,Invoice,8/6/2020,INV19344,Verkada CD51 Outdoor Camera. 5MP. Zoom Lens. 30 days of storage,1,"$1,079.10","$1,079.10",WA,Our Lady of Fatima School
,Invoice,8/6/2020,INV19343,Verkada Indoor/Outdoor Fisheye Camera. 12MP. Fixed Lens. 30 days of storage,1,"$1,709.10","$1,709.10",WA,Our Lady of Fatima School
,Invoice,8/19/2020,INV19362,Verkada 3 Year License,3,$340.23,"$1,020.69",WA,Our Lady of Guadalupe
,Invoice,8/19/2020,INV19362,Verkada CD41 Indoor Camera. 5MP. Fixed Lens. 30 days of storage,2,$544.77,"$1,089.54",WA,Our Lady of Guadalupe
,Invoice,8/19/2020,INV19362,Verkada CD41 Outdoor Camera. 5MP. Fixed Lens. 30 days of storage,1,$681.41,$681.41,WA,Our Lady of Guadalupe
,Invoice,4/6/2020,INV19151,"Boxlight On-Site Training and Coaching: 1 day, including travel",2,"$2,200.00","$4,400.00",WA,Our Lady of Lourdes
,Invoice,4/6/2020,INV19151,"BoxLight Procolor 75"" Interactive Flat Panel Ultra High Def 4k resolution with Android. UNPLUGD is included.",15,"$2,999.00","$44,985.00",WA,Our Lady of Lourdes
,Invoice,4/6/2020,INV19151,Boxlight Procolor Integrated module to add 2.4/5GHz wireless and Bluetooth to xx2 series panels,15,$0.00,$0.00,WA,Our Lady of Lourdes
,Invoice,4/6/2020,INV19151,"Certified Professional Installation   Remove Promethean boards and projector booms and leave in room Mount Boxlight mount to wall and mount Boxlight panel so that screen image is 40"" from floor connect power to outlet below and tack power cable neatly to wall  Certified Professional Installation of the following cables, faceplate, connectivity to teaching Macbook:  1 - 5‘ HDMI 1 - 5’USB 1 - single gang surface mount box 1 - faceplate with HDMI and USB passthrough 1 - 5’ black flexwrap 1 - 10’ miniDisplayPort > HDMI cable 1 - 10’ USB 1 - 7’ black flexwrap  -mount surface box to wall below screen, wrap 1x HDMI and 1x USB in black flex wrap and connect to screen -connect other end of cables to back of faceplate -mount faceplate to surface box -assemble 10’ miniDisplayPort/USB whip in 7’ flexwrap and connect computer to faceplate",13,$890.00,"$11,570.00",WA,Our Lady of Lourdes
,Invoice,4/6/2020,INV19151,Certified Professional Installation of Panel on mobile cart   -1x 15’ USB -1x 15’ miniDisplayPort to HDMI -1x 12’ black flex-wrap,2,$290.00,$580.00,WA,Our Lady of Lourdes
,Invoice,4/6/2020,INV19151,"mobile height adjustable stand with 20"" vertical adjustment. 2-way switch included.",2,"$1,699.00","$3,398.00",WA,Our Lady of Lourdes
,Invoice,7/9/2020,INV19290,"On-Site Training and Coaching: 1 day, including travel",2,"$2,200.00",$0.00,WA,Our Lady of Lourdes
,Invoice,8/19/2020,INV19360,Audio Enhancement Mini Media System - 2 Wall Speakers (KIT),7,$400.00,"$2,800.00",WA,Our Lady of the Lake Catholic School
,Invoice,8/19/2020,INV19360,Epson BrightLink 536Wi Interactive Projector,7,"$1,340.00","$9,380.00",WA,Our Lady of the Lake Catholic School
,Invoice,6/8/2020,INV19233,Installation includes: - relocate existing projector to another classroom  - put together rainier cart and mount panel onto cart,1,$799.00,$799.00,WA,Our Lady of the Lake Catholic School
,Invoice,10/13/2020,INV19501,Installation includes: - remove board and projector (customer will dispose)  - Mount interactive projector to the wall (customer using existing whiteboard to project on)  - install wall plate with cables  - install AE media system,7,$500.00,"$3,500.00",WA,Our Lady of the Lake Catholic School
,Invoice,6/8/2020,INV19233,SMART Board MX065-V2 interactive display with iQ and SMART Learning Suite   - Free SMART Learning Suite subscription for 1/year.   - Price thereafter is $109 per subscription/per teacher. Pricing varies on bulk purchases.,1,"$2,999.00","$2,999.00",WA,Our Lady of the Lake Catholic School
,Invoice,7/31/2020,INV19319,ActivPanel Mobile Stand - For use with current & previous versions of ActivPanel,26,$497.00,"$12,663.56",WA,Peninsula School District 401
,Invoice,7/31/2020,INV19319,"ActivPanel Titanium 75"" - 4 x Pen, Vesa Mount, WIFI Module & cable pack included. ActivInspire Professional Edition available FOC",36,"$2,627.00","$92,680.56",WA,Peninsula School District 401
,Invoice,8/18/2020,INV19349,iRover²™ for Interactive Flat Panels 500  **Pricing per Digital Edge ESD112-DE-16A Contract - shipping included**,8,"$1,322.00","$10,576.00",WA,Peninsula School District 401
,Invoice,9/21/2020,INV19429,SMART Learning Suite 1yr Extension- Priced per qty.,159,$66.00,"$10,494.00",WA,Peninsula School District 401
,Invoice,3/19/2020,INV19121,ACT Install replaced with Tech Review  Our certified installer will do the following:  • remove the existing boards (customer will handle disposal) • mount the panel to the wall  • install the ActivConnect,5,$715.00,"$3,575.00",WA,Pope John Paul II High School
,Invoice,11/18/2020,INV19570,ActivConnect OPS - AP PC for Android.,1,$199.00,$199.00,WA,Pope John Paul II High School
,Invoice,3/6/2020,INV19103,ActivConnect1 G-Series collaboration device,5,$199.00,$995.00,WA,Pope John Paul II High School
,Invoice,3/6/2020,INV19103,"ActivPanel Titanium 70"" - 4 x Pen, Vesa Mount, WIFI Module & cable pack included. ActivInspire Professional Edition available FOC",5,"$3,999.00","$19,995.00",WA,Pope John Paul II High School
,Invoice,11/18/2020,INV19570,"ActivPanel Titanium 70"" - 4 x Pen, Vesa Mount, WIFI Module & cable pack included. ActivInspire Professional Edition available FOC",1,"$3,999.00","$3,999.00",WA,Pope John Paul II High School
,Invoice,12/21/2020,INV19607,Our certified installer will do the following:  • remove an existing board and mount it on the mobile cart  • mount new panel to the wall  • install the ActivConnect,1,$715.00,$715.00,WA,Pope John Paul II High School
,Invoice,11/18/2020,INV19570,Promethean Fixed height mobile stand for use with ActivPanel,1,$499.00,$499.00,WA,Pope John Paul II High School
,Invoice,8/31/2020,INV19387,SMART Learning Suite 1yr  Subscription. Priced per quantity needed.,1,$49.05,$49.05,WA,Port Angeles School District 121
,Invoice,6/23/2020,INV19260,"ActivPanel Titanium 75"" - 4 x Pen, Vesa Mount, WIFI Module & cable pack included. ActivInspire Professional Edition available FOC",2,"$3,000.00","$6,000.00",WA,Post Middle School
,Invoice,5/21/2020,INV19212,SMART Learning Suite 1yr Extension- Priced per qty.,400,$27.98,"$11,192.00",WA,Puyallup School District 3
,Invoice,7/21/2020,INV19305,SMART Board MX075-V2 Interactive display with IQ and SMART Learning suite. Comes with a mount,3,"$3,999.00","$11,997.00",WA,Quilcene School District 48
,Invoice,10/6/2020,INV19484,SMART Board MX075-V2 Interactive display with IQ and SMART Learning suite. Comes with a mount,1,"$3,999.00","$3,999.00",WA,Quilcene School District 48
,Invoice,1/31/2020,INV19024,SMART Board MX086-V2 interactive display with iQ and SMART Learning Suite,1,"$5,799.00","$5,799.00",WA,Quilcene School District 48
,Invoice,1/31/2020,INV19024,Smart Learning Suite 4yr Extended Maintenance. Priced per quantity.,1,$0.00,$0.00,WA,Quilcene School District 48
,Invoice,7/21/2020,INV19305,Smart Learning Suite 4yr Extended Maintenance. Priced per quantity.,3,$0.00,$0.00,WA,Quilcene School District 48
,Invoice,12/15/2020,INV19602,Act Special Program,94,$10.00,$940.00,WA,Redmond High School
,Invoice,12/15/2020,INV19601,Adapter - 90 degree male to female HDMI,180,$0.00,$0.00,WA,Redmond High School
,Invoice,12/15/2020,INV19603,"Assemble Peerless cart. Install new Viewsonic panel with on cart. Includes (1) 10' USB-c to HDMI, (1) 10' Mini DP to HDMI. Connect ActionTek to panel using 6' HDMI. Any mobile cart installations will include a power strip.",2,$650.00,"$1,300.00",WA,Redmond High School
,Invoice,12/15/2020,INV19602,"Redmond HS - Remove Activboard and projector. Install new Smart MX275 interactive panel where Activboard was placed. Install includes (1) 25' HDMI, (1) 15' HDMI to DisplayPort, (1) 25' 3.5mm to RCA. ACT will connect the panel to the docking station, document camera and FrontRow amplifier. ACT will connect the ActionTech to the panel for wireless display.",94,$650.00,"$61,100.00",WA,Redmond High School
,Invoice,12/29/2020,INV19625,ACT Special Program,50,$10.00,$500.00,WA,Redmond Middle School
,Invoice,12/29/2020,INV19625,"Redmond HS - Remove Activboard and projector. Install new Smart MX275 interactive panel where Activboard was placed. Install includes (1) 25' HDMI, (1) 15' HDMI to DisplayPort, (1) 25' 3.5mm to RCA. ACT will connect the panel to the docking station, document camera and FrontRow amplifier. ACT will connect the ActionTech to the panel for wireless display.",50,$650.00,"$32,500.00",WA,Redmond Middle School
,Invoice,1/23/2020,INV19010,ActivPanel Mobile Stand - For use with current & previous versions of ActivPanel,25,$539.10,"$13,342.72",WA,Renton School District 403
,Invoice,3/30/2020,INV19135,"ActivPanel Mobile Stand - For use with current & previous versions of ActivPanel *   *only stand compatible with 65"" panel.",25,$539.00,"$13,340.25",WA,Renton School District 403
,Invoice,11/24/2020,INV19578,"ActivPanel Mobile Stand - For use with current & previous versions of ActivPanel *   *only stand compatible with 65"" panel.",20,$539.10,"$10,782.00",WA,Renton School District 403
,Invoice,3/30/2020,INV19135,"ActivPanel Titanium 75"" - 4 x Pen, Vesa Mount, WIFI Module & cable pack included. ActivInspire Professional Edition available FOC",84,"$2,795.00","$232,432.20",WA,Renton School District 403
,Invoice,4/21/2020,INV19167,"ActivPanel Titanium 75"" - 4 x Pen, Vesa Mount, WIFI Module & cable pack included. ActivInspire Professional Edition available FOC",84,"$2,795.00","$232,432.20",WA,Renton School District 403
,Invoice,9/30/2020,INV19472,"ActivPanel Titanium 75"" - 4 x Pen, Vesa Mount, WIFI Module & cable pack included. ActivInspire Professional Edition available FOC",28,"$2,795.00","$77,477.40",WA,Renton School District 403
,Invoice,10/29/2020,INV19542,"ActivPanel Titanium 75"" - 4 x Pen, Vesa Mount, WIFI Module & cable pack included. ActivInspire Professional Edition available FOC",84,"$2,795.00","$232,432.20",WA,Renton School District 403
,Invoice,7/30/2020,INV19331,"ActivPanel Titanium 75"" - 4 x Pen, Vesa Mount, WIFI Module & cable pack included. ActivInspire Professional Edition available FOC  Using Credit of 95540.00 and reducing price per panel from 2795.00 to 1088.92",56,"$1,088.92","$60,369.72",WA,Renton School District 403
,Invoice,3/3/2020,INV19094,"ActivPanel Titanium 86"" - 4 x Pen, Vesa Mount, WIFI Module & cable pack included. ActivInspire Professional Edition available FOC",40,"$4,495.00","$178,002.00",WA,Renton School District 403
,Invoice,3/30/2020,INV19135,"ActivPanel Titanium 86"" - 4 x Pen, Vesa Mount, WIFI Module & cable pack included. ActivInspire Professional Edition available FOC",40,"$4,495.00","$178,002.00",WA,Renton School District 403
,Invoice,10/29/2020,INV19542,"ActivPanel Titanium 86"" - 4 x Pen, Vesa Mount, WIFI Module & cable pack included. ActivInspire Professional Edition available FOC",30,"$4,495.00","$133,501.50",WA,Renton School District 403
,Invoice,1/23/2020,INV19010,"Fully Integrated Component Package A (75"" Panel Install)",61,"$1,860.00","$112,325.40",WA,Renton School District 403
,Invoice,2/27/2020,INV19083,"Fully Integrated Component Package A (75"" Panel Install)",52,"$1,860.00","$95,752.80",WA,Renton School District 403
,Invoice,3/30/2020,INV19135,"Fully Integrated Component Package A (75"" Panel Install)",63,"$1,860.00","$116,008.20",WA,Renton School District 403
,Invoice,5/28/2020,INV19224,"Fully Integrated Component Package A (75"" Panel Install)",82,"$1,860.00","$150,994.80",WA,Renton School District 403
,Invoice,6/30/2020,INV19270,"Fully Integrated Component Package A (75"" Panel Install)",75,"$1,860.00","$138,105.00",WA,Renton School District 403
,Invoice,7/30/2020,INV19331,"Fully Integrated Component Package A (75"" Panel Install)",53,"$1,860.00","$97,594.20",WA,Renton School District 403
,Invoice,9/30/2020,INV19472,"Fully Integrated Component Package A (75"" Panel Install)",75,"$1,860.00","$138,105.00",WA,Renton School District 403
,Invoice,11/24/2020,INV19578,"Fully Integrated Component Package A (75"" Panel Install)",55,"$1,860.00","$102,300.00",WA,Renton School District 403
,Invoice,3/30/2020,INV19135,"Fully Integrated Component Package B (86"" Panel Install)",10,"$1,970.00","$19,503.00",WA,Renton School District 403
,Invoice,5/28/2020,INV19224,"Fully Integrated Component Package B (86"" Panel Install)",33,"$1,970.00","$64,359.90",WA,Renton School District 403
,Invoice,6/30/2020,INV19270,"Fully Integrated Component Package B (86"" Panel Install)",21,"$1,970.00","$40,956.30",WA,Renton School District 403
,Invoice,9/30/2020,INV19472,"Fully Integrated Component Package B (86"" Panel Install)",12,"$1,970.00","$23,403.60",WA,Renton School District 403
,Invoice,11/24/2020,INV19578,"Fully Integrated Component Package B (86"" Panel Install)",5,"$1,970.00","$9,850.00",WA,Renton School District 403
,Invoice,6/30/2020,INV19270,Fully Integrated Component Package C (Cart Instal),12,$549.00,"$6,522.12",WA,Renton School District 403
,Invoice,5/28/2020,INV19224,Fully Integrated Component Package C (Cart Install),23,$549.00,"$12,500.73",WA,Renton School District 403
,Invoice,7/30/2020,INV19331,Fully Integrated Component Package C (Cart Install),7,$549.00,"$3,804.57",WA,Renton School District 403
,Invoice,1/23/2020,INV19010,Fully Integrated Component Package D (Bracket Install),57,$345.00,"$19,468.35",WA,Renton School District 403
,Invoice,2/27/2020,INV19083,Fully Integrated Component Package D (Bracket Install),48,$345.00,"$16,394.40",WA,Renton School District 403
,Invoice,3/30/2020,INV19135,Fully Integrated Component Package D (Bracket Install),66,$345.00,"$22,542.30",WA,Renton School District 403
,Invoice,5/28/2020,INV19224,Fully Integrated Component Package D (Bracket Install),77,$345.00,"$26,299.35",WA,Renton School District 403
,Invoice,6/30/2020,INV19270,Fully Integrated Component Package D (Bracket Install),58,$345.00,"$19,809.90",WA,Renton School District 403
,Invoice,7/30/2020,INV19331,Fully Integrated Component Package D (Bracket Install),54,$345.00,"$18,443.70",WA,Renton School District 403
,Invoice,9/30/2020,INV19472,Fully Integrated Component Package D (Bracket Install),75,$345.00,"$25,616.25",WA,Renton School District 403
,Invoice,11/24/2020,INV19578,Fully Integrated Component Package D (Bracket Install),57,$345.00,"$19,665.00",WA,Renton School District 403
,Invoice,9/28/2020,INV19446,"Install customer provided camera in Drop Tile ceiling in lab. Install includes mounting the camera to the ceiling tile, extending an existing network cable from location in the room to the  camera location for POE. Install a 40' HDMI cable from the camera to the panel. Connect HDMI cable to HDMI to DisplayPort adapter and connect to panel. Includes Cat 6 cable needed to extend network cable. ACT will test the camera assuming that the network cable used is live with POE at the time of install.",1,$450.00,$450.00,WA,Renton School District 403
,Invoice,9/28/2020,INV19446,"Install customer provided cameras in 2 Hard ceiling labs. Install includes mounting the cameras to the ceiling, installing Panduit LD5 surface raceway to the front of room for an HDMI cable to the panel and to the network cable location being used for the POE network cable to the camera. It includes the cat 6 cable needed to extend and a 40' HDMI cable from the camera location to the panel. Connect the HDMI to the DisplayPort adapter at the  panel. ACT will test the cameras assuming the network cable is live with POE at the time of install.",2,$675.00,"$1,350.00",WA,Renton School District 403
,Invoice,9/30/2020,INV19473,"Moved remaining installs to Phase II PO Fully Integrated Component Package A (75"" Panel Install)",84,$0.00,$0.00,WA,Renton School District 403
,Invoice,9/30/2020,INV19473,Power package,1,$0.00,$0.00,WA,Renton School District 403
,Invoice,6/2/2020,INV19227,"BoxLight dongle to wirelessly connect projectors to network. For Boston, P5, and P6, Cambridge, P9 and N12/P12 SSI projector",4,$99.00,$396.00,WA,Renton Technical College
,Invoice,6/2/2020,INV19227,"P9 bulb pen WXGA standard-throw, 3600 lumens Wired interactivity.",4,"$1,139.00","$4,556.00",WA,Renton Technical College
,Invoice,9/10/2020,INV19413,"ACT will deliver and install the Smart panel, classroom sound system with ceiling speakers, phone, docking station, wireless keyboard and mouse, document camera and screen beam in the new portables. We will install the new cabling to connect the Smart panel from the audio system, docking station and document camera.   We will document all asset tags for the presentation equipment. We will document the Mac address, room number and the wall plate port number  for the phone.   ACT will update the Smart panels, connect them to the network and commission the system.  Cables included to complete the install:  (1) 25' HDMI cable (panel to document camera) (1) 15' DisplayPort to HDMI from panel to docking station (1) 25' 3.5 stereo cable (audio system to dock) (1) 6' 3.5 stereo cable (panel to audio system) (1) 16' USB cable (panel to dock) (1) surge protector with 10' cord (2) 25' cat 6 (panel to network and dock to network) (1) 6' HDMI (screen beam to panel)   ACT will dispose of trash off site.",3,"$1,550.00","$4,650.00",WA,Robert Frost Elementary School
,Invoice,11/12/2020,INV19560,Rose Hill El P5A and P5B - Install Smart panel and all tech footprint removed from these portables for move. Test and commission new systems   ACT will re-use existing cables for install.,2,$650.00,"$1,300.00",WA,Rose Hill Elementary School
,Invoice,12/3/2020,INV19593,Install Smart panel and all tech footprint in portables. Re-install speaker wiring and connect in cart. Re connect all cabling and hardware. Test system to make sure all parts are functioning,6,"$1,225.00","$7,350.00",WA,Rose Hill Junior High School
,Invoice,12/3/2020,INV19593,Remove tech footprint from LWHS portables. Pull speaker wire back to mechanical closet to be able to separate portable. Take Smart panel and all tech footprint to RHMS for re-installation.,6,$325.00,"$1,950.00",WA,Rose Hill Junior High School
,Invoice,9/8/2020,INV19403,"ACT installation of Interactive panel on wall/or existing non interactive whiteboard.  ACT assembly and installation on mobile cart.  ACT to install new panel at customer designated height on fixed height bracket.   Assumptions: Wall or non interactive whiteboard is clear of posters, pictures and interactive hardware. Power is near by. Access is granted after hours. Panels are located on school grounds for installation. ACT is not responsible for painting or patching.  All packing material will be left in the corner of installed room contained in panel box.",4,$382.50,"$1,530.00",WA,Sacred Heart Catholic School
,Invoice,6/17/2020,INV19252,"ACT installation of Interactive panel on wall/or existing non interactive whiteboard. ACT to install new panel at customer designated height on fixed height bracket.   Assumptions: Wall or non interactive whiteboard is clear of posters, pictures and interactive hardware. Power is near by. Access is granted after hours. Panels are located on school grounds for installation. ACT is not responsible for painting or patching.  All packing material will be left in the corner of installed room contained in panel box.",12,$382.50,"$4,590.00",WA,Sacred Heart Catholic School
,Invoice,9/28/2020,INV19445,"ACT installation of Interactive panel on wall/or existing non interactive whiteboard. ACT to install new panel at customer designated height on fixed height bracket.   Assumptions: Wall or non interactive whiteboard is clear of posters, pictures and interactive hardware. Power is near by. Access is granted after hours. Panels are located on school grounds for installation. ACT is not responsible for painting or patching.  All packing material will be left in the corner of installed room contained in panel box.",1,$382.50,$382.50,WA,Sacred Heart Catholic School
,Invoice,8/18/2020,INV19350,"AE Sentinel Classroom System SP-9104: CS-12 (4) Ceiling Speaker Kit (1 each)  XD-9001: XD Receiver with 3' Cat6 Kit (1 each)  XD-9025: Microphone XD Teardrop Mic Kit (1 each)  AM-9001: CA-60A Amplifier, Power Supply and Power Cable with Spade Lugs Only (1 each)",24,"$1,061.00","$25,464.00",WA,Sacred Heart Catholic School
,Invoice,8/6/2020,INV19342,"BoxLight Procolor 75"" Interactive Flat Panel Ultra High Def 4k resolution with Android. UNPLUGD is included.",1,"$2,800.00","$2,800.00",WA,Sacred Heart Catholic School
,Invoice,8/18/2020,INV19351,"BoxLight Procolor 75"" Interactive Flat Panel Ultra High Def 4k resolution with Android. UNPLUGD is included.",1,"$2,900.00","$2,900.00",WA,Sacred Heart Catholic School
,Invoice,5/21/2020,INV19206,"BoxLight Procolor 75"" Interactive Flat Panel Ultra High Def 4k resolution with Android. UNPLUGD is included.  Price: $3199 Per unit",15,"$2,500.00","$37,500.00",WA,Sacred Heart Catholic School
,Invoice,9/24/2020,INV19432,"Boxlight Procolor I5 IPC 128GBSS WIFI BLUETOOTH FOR PROCOLOR  652U, 702U, 752U, 862U IFP (Windows license not included)",1,$769.00,$769.00,WA,Sacred Heart Catholic School
,Invoice,8/18/2020,INV19351,Boxlight Procolor Integrated module to add 2.4/5GHz wireless and Bluetooth to xx2 series panels,1,$0.00,$0.00,WA,Sacred Heart Catholic School
,Invoice,5/21/2020,INV19206,Boxlight Procolor Integrated module to add 2.4/5GHz wireless and Bluetooth to xx2 series panels   Price: $79 Per unit,15,$0.00,$0.00,WA,Sacred Heart Catholic School
,Invoice,8/6/2020,INV19342,Boxlight Procolor Integrated module to add 2.4/5GHz wireless and Bluetooth to xx2 series panels   Price: $79 Per unit,1,$0.00,$0.00,WA,Sacred Heart Catholic School
,Invoice,4/28/2020,INV19185,"BoxLight Procolor-PCMODi5 v2.0 - PC Module 15 IPC 128GBSS WiFi Bluetooth for ProColor 652U, 702U, 752U, 862U interactive flat panels. (Windows license not included)",8,$749.00,"$5,992.00",WA,Sacred Heart Catholic School
,Invoice,8/6/2020,INV19342,"BoxLight Procolor-PCMODi5 v2.0 - PC Module 15 IPC 128GBSS WiFi Bluetooth for ProColor 652U, 702U, 752U, 862U interactive flat panels. (Windows license not included)",1,$749.00,$749.00,WA,Sacred Heart Catholic School
,Invoice,8/18/2020,INV19351,"BoxLight Procolor-PCMODi5 v2.0 - PC Module 15 IPC 128GBSS WiFi Bluetooth for ProColor 652U, 702U, 752U, 862U interactive flat panels. (Windows license not included)",1,$749.00,$749.00,WA,Sacred Heart Catholic School
,Invoice,10/29/2020,INV19543,"BoxLight Procolor-PCMODi5 v2.0 - PC Module 15 IPC 128GBSS WiFi Bluetooth for ProColor 652U, 702U, 752U, 862U interactive flat panels. (Windows license not included)",4,$749.00,"$2,996.00",WA,Sacred Heart Catholic School
,Invoice,10/29/2020,INV19543,"Customer already has BoxLight Procolor-PCMODi5 v2.0 - PC Module 15 IPC 128GBSS WiFi Bluetooth for ProColor 652U, 702U, 752U, 862U interactive flat panels. (Windows license not included)",1,$749.00,$749.00,WA,Sacred Heart Catholic School
,Invoice,9/8/2020,INV19402,Installation of Sentinel System on wall behind existing panels. Cables will be routed  to existing panel. Surface Runway will be used from behind panel to ceiling for speaker wires  Assumptions: Walls are free and clear to allow installation of system on wall. And that more than 2 classrooms can be installed at a given time.,24,$450.00,"$10,800.00",WA,Sacred Heart Catholic School
,Invoice,8/6/2020,INV19342,"Mobile Stand for Procolor panels, includes PROCOLOR-WALLMOUNT-002",1,$499.00,$499.00,WA,Sacred Heart Catholic School
,Invoice,9/15/2020,INV19415,iRover²™ for Interactive Flat Panels 500,1,"$1,162.00","$1,162.00",WA,Samish Indian Nation
,Invoice,8/13/2020,INV19347,SMART Board MX065-V2 interactive display with iQ and SMART Learning Suite,1,"$2,822.00","$2,822.00",WA,Samish Indian Nation
,Invoice,9/8/2020,INV19399,"Certified Professional installer to install wall mount and wall plate for 16 of the units, for 1 we will assemble the cart and mount the panel.",18,$500.00,"$9,000.00",WA,Seattle Country Day School
,Invoice,9/8/2020,INV19400,Certified Professional installer to install wall mount and wall plate.,1,$500.00,$500.00,WA,Seattle Country Day School
,Invoice,6/23/2020,INV19257,"SMART 75"" V2 Interactive Flat Panel 7000 Series. Smart 75"" Interactive Flat Panel 7000 Series with iQ and SMART Learning Suite.  4K Ultra HD video resolution with HDMI 2.0. Object awareness™ technology recognizes when you’re using a finger (touch/drag), pen (write) or fist (erase). SMART ink™ makes notes easy to read, and allows writing to be converted to text and inserted into applications like Microsoft Office®. SilkTouch™ ensures a smooth, comfortable touch experience - Integration with tablets and phones, including Chromebooks using SMART software. ENERGY STAR® certification saves on energy costs",18,"$5,100.00","$91,800.00",WA,Seattle Country Day School
,Invoice,8/19/2020,INV19361,"SMART 75"" V2 Interactive Flat Panel 7000 Series. Smart 75"" Interactive Flat Panel 7000 Series with iQ and SMART Learning Suite.  4K Ultra HD video resolution with HDMI 2.0. Object awareness™ technology recognizes when you’re using a finger (touch/drag), pen (write) or fist (erase). SMART ink™ makes notes easy to read, and allows writing to be converted to text and inserted into applications like Microsoft Office®. SilkTouch™ ensures a smooth, comfortable touch experience - Integration with tablets and phones, including Chromebooks using SMART software. ENERGY STAR® certification saves on energy costs",1,"$5,100.00","$5,100.00",WA,Seattle Country Day School
,Invoice,8/19/2020,INV19356,Smart Full-Day Training Session   8/31,1,"$2,499.00","$2,499.00",WA,Seattle Country Day School
,Invoice,8/19/2020,INV19356,Smart Full-Day Training Session   9/1,1,"$2,499.00","$2,499.00",WA,Seattle Country Day School
,Invoice,8/19/2020,INV19356,SMART Learning Suite 1yr  Subscription. Priced per quantity needed.  Special pricing in order to prorate and have 1 activation key.,75,$22.50,"$1,687.50",WA,Seattle Country Day School
,Invoice,8/4/2020,INV19334,SMART Learning Suite 1yr Extension- Priced per qty.  NC-2ACSN-CWHQN-9AE2U-AUBSA,2,$49.50,$99.00,WA,Seattle Country Day School
,Invoice,9/8/2020,INV19399,TRUTOUCH Mobile Stand,1,$424.00,$424.00,WA,Seattle Country Day School
,Invoice,8/4/2020,INV19333,AE Wall Mount Power Supply 24VDC 2A,5,$25.00,$125.00,WA,Shelton School District 309
,Invoice,12/22/2020,INV19618,"Audio Enhancement wall speaker - WS-09 SP-0100: Speaker, Wall, WS-09 AC-0003: 50' Speaker Wire Plenum Rated",28,$100.00,"$2,800.00",WA,Shelton School District 309
,Invoice,7/7/2020,INV19284,Audio Enhancement wall speaker kit. Includes 1 wall speaker and 1 of 50' speaker cable. Also includes white wall speaker - WS-09 and cable wire speaker - 50' tinned plenum rated speaker wire.   KIT IS FOR ONE SPEAKER ONLY.,30,$100.00,"$3,000.00",WA,Shelton School District 309
,Invoice,8/4/2020,INV19333,"Cable, 15',Plenum Power cable w/2 Spade Lugs to bare wires- use w/3010-0103- for CA-60",5,$14.00,$70.00,WA,Shelton School District 309
,Invoice,11/11/2020,INV19555,Kellogg Middle School Job Change Order Revised PO 2531900195 Add-on Estimate 13543,98,$125.00,"$12,250.00",WA,Shoreline School District 412
,Invoice,9/30/2020,INV19412,"Projector and Audio Installation RFP Reply for Einstein Middle School Due March 10th 2020. Labor estimate is based off of Summary of work for Einstein Middle School.  Assumptions:  *District is providing all equipment and    cables for project.  *All Equipment will be available on or    before August 3, 2020 at installation site.  *ACT will have full access to building from     start to substantial completion date. *Classrooms will be available for     installation on or before August 3, 2020 * All CAT 6 Cables are terminated and tested. *All Classrooms have drop tile ceilings.  ..",45,$977.50,"$43,987.50",WA,Shoreline School District 412
,Invoice,11/11/2020,INV19554,"Projector and Audio Installation RFP Reply for Einstein Middle School Due March 10th 2020. Labor estimate is based off of Summary of work for Einstein Middle School.  Assumptions:  *District is providing all equipment and    cables for project.  *All Equipment will be available on or    before August 3, 2020 at installation site.  *ACT will have full access to building from     start to substantial completion date. *Classrooms will be available for     installation on or before August 3, 2020 * All CAT 6 Cables are terminated and tested. *All Classrooms have drop tile ceilings.  ..",2,$977.50,"$1,955.00",WA,Shoreline School District 412
,Invoice,9/30/2020,INV19411,"Projector and Audio Installation RFP Reply for Kellogg Middle School Due March 12th 2020. Labor estimate is based off of Summary of work for Kellogg Middle School.  Assumptions:  *District is providing all equipment and    cables for project.  *All Equipment will be available on or    before August 3, 2020 at installation site.  *ACT will have full access to building from     start to substantial completion date. *Classrooms will be available for     installation on or before August 3, 2020 * All CAT 6 Cables are terminated and tested. *All Classrooms have drop tile ceilings.  ..",43,$977.50,"$42,032.50",WA,Shoreline School District 412
,Invoice,11/11/2020,INV19555,"Projector and Audio Installation RFP Reply for Kellogg Middle School Due March 12th 2020. Labor estimate is based off of Summary of work for Kellogg Middle School.  Assumptions:  *District is providing all equipment and    cables for project.  *All Equipment will be available on or    before August 3, 2020 at installation site.  *ACT will have full access to building from     start to substantial completion date. *Classrooms will be available for     installation on or before August 3, 2020 * All CAT 6 Cables are terminated and tested. *All Classrooms have drop tile ceilings.  ..",3,$977.50,"$2,932.50",WA,Shoreline School District 412
,Invoice,11/11/2020,INV19554,"Revised PO  Add on Estimate 13544 Einstein job changed The whiteboards were not installed at Einstein until after projectors were installed. Many rooms were unavailable due to flooring, ceiling, paint, and a variety of other reasons that would not allow access.  Many rooms were not cabled or did not have wall plates installed. ACT installed 3.5 cables to several wall plates and someone had gone through and taken them out.  ACT provided and installed blank plates to cover the boxes meant for pixie controls that weren’t used.  Amplifier boxes arrived late, so ACT had another trip to get those installed.  ACT had to go back to each room to align/test projectors, carts for equipment didn’t arrive until late August ACT then had another trip to each classroom to install equipment, route cabling, and test.  ACT added power strips to the 8 science rooms where power wouldn’t reach the projectors Delays with district provided USB extensions being on back order 2.5 hours x 50 rooms = 125 man hours",125,$125.00,"$15,625.00",WA,Shoreline School District 412
,Invoice,8/4/2020,INV19336,"Clear Poly Carbonate Partition  3/8"" x 48"" x 84""  Includes (2) 47-3/4"" Clear U Channel Per Panel",13,$135.00,"$1,755.00",WA,Snohomish County PUD
,Invoice,8/4/2020,INV19336,Partition Stand - Black,13,$210.00,"$2,730.00",WA,Snohomish County PUD
,Invoice,6/1/2020,INV19226,SMART Learning Suite 3yr Extended Maintenance Warranty. Priced per quantity.,515,$44.35,"$22,840.25",WA,Snohomish School District 201
,Invoice,12/3/2020,INV19592,Install mount and panels at SnoIsle Skill Center for digital signage,1,$500.00,$500.00,WA,Sno-Isle Tech Skills Center
,Invoice,12/3/2020,INV19592,"Samsung 75"" Bet Series Commercial TV Crystal UHD",1,"$1,350.00","$1,350.00",WA,Sno-Isle Tech Skills Center
,Invoice,3/17/2020,INV19110,"Install PBO protective case to wall as shown in intake notes above Install PBO LG screen in case, connect screen to AC connect PBO Apple TV to screen w/ 1' HDMI cable, connect Apple TV to AC connect digital to analog converter to Apple TV via 1.5' Toslink digital optical audio cable, connect converter to AC connect 55' of 3.5 audio or RCA audio to output and tack to wall over to amp location connect end of cable in RCA to analog in on amp marked ""VIDEO""  1x    LG 75"" screen (provided by owner (PBO) 1x    protective case (provided by owner) 1x    Apple TV (provided by owner)",1,$995.00,$995.00,WA,Spanaway Lake High School
,Invoice,4/29/2020,INV19186,SMART Learning Suite 1yr  Subscription. Priced per quantity needed.,9,$109.00,$981.00,WA,Sprague School District 8
,Invoice,10/1/2020,INV19476,SMART Learning Suite 1yr Extension- Priced per qty.  **Key Code - NC-2ADSQ-BWRCA-5P2RC-AIDSA**,20,$37.35,$747.00,WA,St Luke School
,Invoice,7/27/2020,INV19318,ActivPanel Mobile Stand - For use with current & previous versions of ActivPanel *,4,$519.00,"$2,076.00",WA,St. Brendan Parish School
,Invoice,7/27/2020,INV19318,"ActivPanel Titanium 75"" - 4 x Pen, Vesa Mount, WIFI Module & cable pack included. ActivInspire Professional Edition available FOC",4,"$3,125.00","$12,500.00",WA,St. Brendan Parish School
,Invoice,11/23/2020,INV19577,Boxlight Mimioview 350U Document Camera,9,$375.00,"$3,375.00",WA,St. Frances Cabrini Catholic School
,Invoice,5/21/2020,INV19207,"BoxLight Procolor 75"" Interactive Flat Panel Ultra High Def 4k resolution with Android. UNPLUGD is included.",5,"$2,500.00","$12,500.00",WA,St. Frances Cabrini Catholic School
,Invoice,5/21/2020,INV19207,Boxlight Procolor Integrated module to add 2.4/5GHz wireless and Bluetooth to xx2 series panels,5,$0.00,$0.00,WA,St. Frances Cabrini Catholic School
,Invoice,10/13/2020,INV19498,Charged shipping of 1820.00 in error. There will be no charge for the Cable Package price of 1800.00. and the additional 20.00 will be discounted on the installation.   Installation packages include:  11x single gang surface mount box 11x single gang faceplate w/ HDMI and USB 1x 30' of raceway 1x 140' of flexwrap 11x 6' HDMI cable 11x 6' USB cable 12x 10' DisplayPort to HDMI cable 12x 10' USB cable,1,$0.00,$0.00,WA,St. Joseph Parish School
,Invoice,10/13/2020,INV19498,"Installation at Issaquah Campus  220 Mountain Park Blvd SW Issaquah, WA 98027  • remove existing Promethean boards, short throw projectors, projector booms, and leave in room • install BalanceBox so screen image is 40"" from floor at highest adjustment • install SMART MX265 screen to BalanceBox mount • connect AC to power below and tack neatly to wall, allowing power cable flex for height adjustability • connect 6' HDMI and USB to screen, covering approx. 2' in flex wrap, and allowing flex for height adjustability • cover remaining HDMI and USB in raceway down to bottom left of screen  • install surface mount box to wall at raceway end • connect cables to faceplate and install on surface mount box • wrap 10' DisplayPort > HDMI and USB cable in 7' of flexwrap and secure ends with zip ties • connect cable whip to faceplate and customers computer dock    **Installation includes all cables required**",6,$775.00,"$4,650.00",WA,St. Joseph Parish School
,Invoice,10/13/2020,INV19498,"Installation at Issaquah Campus 220 Mountain Park Blvd SW Issaquah, WA 98027 1 common area •assemble SMART cart •mount SMART MX275 to cart wrap 10‘ DisplayPort > HDMI cable and USB in 7’ of flexwrap and secure ends with zip ties •connect cable whip to screen **Installation includes all cables required**",1,$630.00,$630.00,WA,St. Joseph Parish School
,Invoice,10/13/2020,INV19498,"Installation at Snoqualmie Campus (20 minutes East on I-90) 38645 SE Newton St Snoqualmie WA 98065   • remove existing Promethean boards, short throw projectors, projector booms, and leave in room • install included mount so screen image is 40"" from floor • install SMART MX265 screen to mount • connect AC to power below and tack neatly to wall • connect 6' HDMI and USB to screen • cover HDMI and USB in raceway down to bottom left of screen  • install surface mount box to wall at raceway end • connect cables to faceplate and install on surface mount box • wrap 10' DisplayPort > HDMI and USB cable in 7' of flexwrap and secure ends with zip ties • connect cable whip to faceplate and customers computer dock    **Installation includes all cables required**",5,$650.00,"$3,250.00",WA,St. Joseph Parish School
,Invoice,10/20/2020,INV19523,"Installation at Snoqualmie Campus (20 minutes East on I-90) 38645 SE Newton St Snoqualmie WA 98065   • remove existing Promethean boards, short throw projectors, projector booms, and leave in room • install included mount so screen image is 40"" from floor • install SMART MX265 screen to mount • connect AC to power below and tack neatly to wall • connect 6' HDMI and USB to screen • cover HDMI and USB in raceway down to bottom left of screen  • install surface mount box to wall at raceway end • connect cables to faceplate and install on surface mount box • wrap 10' DisplayPort > HDMI and USB cable in 7' of flexwrap and secure ends with zip ties • connect cable whip to faceplate and customers computer dock    **Installation includes all cables required**",3,$650.00,"$1,950.00",WA,St. Joseph Parish School
,Invoice,7/28/2020,INV19321,SMART Board MX065-V2 interactive display with iQ and SMART Learning Suite,11,"$2,849.00","$31,339.00",WA,St. Joseph Parish School
,Invoice,10/20/2020,INV19523,SMART Board MX065-V2 interactive display with iQ and SMART Learning Suite,3,"$2,299.00","$6,897.00",WA,St. Joseph Parish School
,Invoice,7/28/2020,INV19321,SMART Board MX075-V2 Interactive display with IQ and SMART Learning suite. Comes with a mount,1,"$2,399.00","$2,399.00",WA,St. Joseph Parish School
,Invoice,7/28/2020,INV19321,"SMART Floor Stand Electric, FSE-410, UL certified",1,$779.00,$779.00,WA,St. Joseph Parish School
,Invoice,7/28/2020,INV19321,Smart Learning Suite 4yr Extended Maintenance. Priced per quantity.,12,$119.70,"$1,436.40",WA,St. Joseph Parish School
,Invoice,10/20/2020,INV19523,Smart Learning Suite 4yr Extended Maintenance. Priced per quantity.,3,$0.00,$0.00,WA,St. Joseph Parish School
,Invoice,9/8/2020,INV19405,"ACT Certified Installer will mount the SMART panel to the wall.   Per customers request, mount panels over whiteboards.   For one of the installs on the board last time, they cut the pen tray so the panel would fit. Just a note.   **Wall area must be clear prior to installation.",3,$500.00,"$1,500.00",WA,St. Monica Parish School
,Invoice,7/30/2020,INV19323,"SMART Board® 6075 interactive flat panel features SMART’s proprietary DViT® technology. 75"" 4K LED Display, Aspect ratio 16:9, Contrast ratio: 1200:1, 178 degree viewing angle. Includes: SMART iQ and Learning Suite. iQ includes built-in web browser, wireless screen. The kapp iQ provides one-touch access without connecting an external computer. Includes the power of SMART Notebook® collaborative learning software. Object Awareness allows you to perform mouse functions with your finger, and write in digital ink. Multitouch capabilities: 4 touches on Windows® and Mac computers. Pen ID: Two people can write independently and simultaneously, using different colored ink. Audio: Two 10W speakers, noise level    *Pricing expires 7/31/2020",3,"$4,100.00","$12,300.00",WA,St. Monica Parish School
,Invoice,7/27/2020,INV19314,Boxlight Mimioview 350U Document Camera,14,$479.00,"$6,706.00",WA,St. Patrick Catholic Church and School
,Invoice,7/27/2020,INV19316,"BoxLight Procolor 75"" Interactive Flat Panel Ultra High Def 4k resolution with Android. UNPLUGD is included.",5,"$2,999.00","$14,995.00",WA,St. Patrick Catholic Church and School
,Invoice,7/27/2020,INV19316,Boxlight Procolor Integrated module to add 2.4/5GHz wireless and Bluetooth to xx2 series panels,5,$79.00,$395.00,WA,St. Patrick Catholic Church and School
,Invoice,7/27/2020,INV19316,"Mobile Stand for Procolor panels, includes PROCOLOR-WALLMOUNT-002",5,$499.00,"$2,495.00",WA,St. Patrick Catholic Church and School
,Invoice,3/25/2020,INV19133,SMART Learning Suite 1yr  Subscription. Priced per quantity needed.,9,$49.05,$441.45,WA,Steilacoom High School
,Invoice,10/28/2020,INV19536,SMART Learning Suite 1yr  Subscription. Priced per quantity needed.,1,$49.05,$49.05,WA,Steilacoom Historical School District 1
,Invoice,5/6/2020,INV19196,"PadCaster Studio - compatible with iPad 9.7 (6th Gen, 5th Gen, Pro 9.7, Air and Air2)  Includes: Padcaster Case; Unidirectional Microphone Kit; Stick Microphone Kit; Lavalier Microphone Kit; Dual Microphone/Headphone Splitter; Multi-function Wide Angle/Macro Lens Telephoto Lens; Fluid Head; Tripod/Monopod; Tripod Dolly Wheels; LED Light; 5’x7’ portable Green Screen with carry case and stand; Parrot Teleprompter with bluetooth; Remote Control and Cleaning Kit; Light-blocking Supershade; Padded Camera Backpack   **Please note if you have an iPad 10 or 11, please let your Account Manager know so we can update your quote.    **NOTE Special Promo pricing per Jeff for NCCE 2020",1,"$1,300.00","$1,300.00",WA,Stillwater Elementary School
,Invoice,3/17/2020,INV19117,"AE Charger, Dual USB Wall Mount Charger Block, for XD Microphones",1,$16.00,$16.00,WA,Sumner-Bonney Lake School District 320
,Invoice,3/17/2020,INV19117,"AE Microphone XD Handheld Mic Kit - includes  XD-0801 XD Handheld SHH14 XD-5001 Li-iON Battery Pack, 3.7V 700 mAh 2.6Wh  XD-5021 6' USB 2.0 A Male to Micro USB B Male XD",1,$160.00,$160.00,WA,Sumner-Bonney Lake School District 320
,Invoice,1/15/2020,INV18990,Boxlight Procolor Integrated module to add 2.4/5GHz wireless and Bluetooth to xx2 series panels,40,$79.00,"$3,160.00",WA,Sumner-Bonney Lake School District 320
,Invoice,3/17/2020,INV19117,Mic Holder for Handheld (SHH-14) Mic,1,$30.00,$30.00,WA,Sumner-Bonney Lake School District 320
,Invoice,12/15/2020,INV19606,Verkada 1 Year License,5,$132.99,$664.95,WA,Tenino School District 402
,Invoice,3/17/2020,INV19112,"AE JBL CSA2300Z 300w Amp 70/100v, 2U",1,$845.00,$845.00,WA,The Northwest School
,Invoice,3/17/2020,INV19111,"AE Sentinel IR Pal w/ 6 Ceiling Speakers  AC-1002 Power Supply Wall Mount 24VDC 2A AC-1003 Cable 15' Plenum Power Cable w/2 spade IR-5001 Battery Panasonic Rechargeable AA - qty 2  IR-5011 Charger Microphone AEBC-16 IR-0701 Mic AE Infrared Teardrop MTD-09 SAFE IR-0801 Mic Infrared handheld MHH-09 AM-0102 Amp CA-60A AC-0106 Cable 50' Cat6 w/ molded boot, plenum IR-0601 Sensor Satellite Infrared Dome Receiver  AC-0202 Cable 35' 3.5 to 3.5 M/M low profile  MI-0001 Speaker Kit Ceiling w/ 1 speaker, 1 tile - qty 2 AC-0003 Cable 50' speaker wire plenum rated - qty 2 MI-0001 Tile bridge CS-12 - qty 2  SP-0001 Speaker CS-12 ceiling speaker plenum - qty 2  SP-9104 CS-12 (4) ceiling speaker kit  SP-0001 CS-12 ceiling speaker plenum tile bridge - qty 4 AC-0002 75' plenum speaker wire AC-0003 50' plenum speaker wire",1,"$1,495.00","$1,495.00",WA,The Northwest School
,Invoice,3/17/2020,INV19111,"Atlona 4×2 Matrix Switcher with USB 4×2 AV matrix switcher with HDMI, DisplayPort, and USB-C inputs USB-C input for AV, data, and device charging HDBaseT and HDMI outputs with selectable AV switching modes USB 2.0 interfacing and extension up to 330 feet (100 meters) 4K/UHD capability @ 60 Hz with 4:4:4 chroma sampling on local ports (HDMI, DisplayPort, and USB-C) Selectable 4K to 1080p downscaling",1,$945.00,$945.00,WA,The Northwest School
,Invoice,9/25/2020,INV19442,Certified Professional Installation of Balance Box 400-90 Wall Mount.  Remove existing SBID-7275 and static mount Install BalanceBox  Reinstall screen on BalanceBox   Rooms: Carson Euclid Lawrence Knight Maya Lin Raven  Sprinkler  Standifer  **Please note that this assumes the existing cables will reach or be long enough to accommodate the movement of the balance box **,7,$450.00,"$3,150.00",WA,The Northwest School
,Invoice,3/17/2020,INV19112,Installation  **the price is contingent that we will install it while we are there to do the Raymond Room,1,$250.00,$250.00,WA,The Northwest School
,Invoice,9/25/2020,INV19442,Please readjust BalanceBox mounts in MLK and Fisken. They are going down by themselves. These were installed by ACT in 2019.,2,$0.00,$0.00,WA,The Northwest School
,Invoice,3/17/2020,INV19111,"Raymond Room   Installation:  • remove 6 exisitng JBL speakers and install 6 AE ceiling speakers (customer to provide new tiles) • install scoop plate in tile near existing power strip as shown in intake notes • place AE CA60 amp above tile near scoop plate and connect to speakers • connect 10' 3.5 audio cable from audio out of projector to input on amp  • at projector remove existing Extron video receiver device and RS-232 plug  • unplug existing Cat6 cable from Extron device and plug into HDBaseT port on projector  • mount Atlona device on top of teaching cart, center back, and affix with Velcro • connect 1st laptop dock to HDMI 1 input on Atlona device with 3' HDMI cable • connect 2nd laptop dock to HDMI 2 input on Atlona device wth 3' DisplayPort to HDMI cable  • remove any extraneous cables from existing cable whip • use care so that existing USB cable from customers lecture-capture camera is not disabled • remove Extron faceplate components and fill spaces with 2x Decora black fill plates",1,"$1,000.00","$1,000.00",WA,The Northwest School
,Invoice,9/15/2020,INV19414,Hand Sanitizer Dispenser with Drip Tray (batteries not included)   **Dispenser for Hand Sanitizer Stand above (SAN001),6,$91.84,$551.04,WA,The Valley School
,Invoice,9/15/2020,INV19414,Hand Sanitizer Stand (dispenser sold separately),6,$99.00,$594.00,WA,The Valley School
,Invoice,8/31/2020,INV19384,MimioPad  *MimioHub included,1,$299.00,$299.00,WA,Toutle Lake School District 130
,Invoice,9/28/2020,INV19443,Time and material not to exceed. Move various technology equipment from old site to new site and set up in new site.,1,"$3,000.00","$3,000.00",WA,Transition Academy
,Invoice,9/24/2020,INV19438,"Move whiteboard and Epson Touch projector from one wall, and install on opposite wall in same office. Installation Height will match existing height.  Install Surface Mount raceway for 16' HDMI and 16' USB  Cable.  Power will run with as well. Contact Hsian-Yu for installation details.",1,$562.50,$562.50,WA,Tukwila School District 406
,Invoice,6/5/2020,INV19228,SMART Learning Suite 1yr Extension- Priced per qty.,50,$34.65,"$1,732.50",WA,Tukwila School District 406
,Invoice,9/28/2020,INV19454,SMART Learning Suite 2yr extended software Maintenance. Priced per quantity.,6,$88.20,$529.20,WA,Walla Walla Community College
,Invoice,7/21/2020,INV19306,SMART Board® 6065S interactive display with iQ and SMART Learning Suite  *without wallmount and remote,16,"$3,195.00","$50,097.60",WA,White River School District 416
,Invoice,7/23/2020,INV19300,SMART Board® 6065S interactive display with iQ and SMART Learning Suite  *without wallmount and remote,9,"$3,195.00","$28,179.90",WA,White River School District 416
,Invoice,7/9/2020,INV19293,SMART Learning Suite 3yr Extended Maintenance Warranty. Priced per quantity.,101,$75.60,"$7,635.60",WA,White River School District 416
,Invoice,10/22/2020,INV19531,"HoverCam Ultra 8 Document Camera HDMI, VGA, SuperSpeed USB 3.0 Connectors",7,$471.25,"$3,298.75",WA,Wilson Creek School District
,Invoice,1/21/2020,INV19004,PRM-32-35 replacement lamp,1,$99.00,$99.00,WA,Woodland School District 404
